day;timestamp;product;bid_price_1;bid_volume_1;bid_price_2;bid_volume_2;bid_price_3;bid_volume_3;ask_price_1;ask_volume_1;ask_price_2;ask_volume_2;ask_price_3;ask_volume_3;mid_price;profit_and_loss
0;0;AMETHYSTS;9998;9;9995;23;;;10005;23;;;;;10001.5;0.0
0;0;STARFRUIT;5036;23;;;;;5043;23;;;;;5039.5;0.0
0;100;AMETHYSTS;10002;1;10000;2;9998;4;10004;1;10005;21;;;10003.0;0.0
0;100;STARFRUIT;5042;1;5039;2;5037;1;5043;22;;;;;5042.5;0.0
0;200;AMETHYSTS;9996;1;9995;21;;;10004;1;10005;21;;;10000.0;2.0
0;200;STARFRUIT;5037;1;5036;21;;;5043;1;5044;21;;;5040.0;2.01611328125
0;300;STARFRUIT;5042;1;5037;26;;;5044;26;;;;;5043.0;1.52978515625
0;300;AMETHYSTS;9995;26;;;;;10005;26;;;;;10000.0;2.0
0;400;AMETHYSTS;9998;8;9996;2;9995;26;10004;2;10005;26;;;10001.0;2.0
0;400;STARFRUIT;5037;28;;;;;5044;28;;;;;5040.5;3.1142578125
0;500;AMETHYSTS;9998;8;9996;1;9995;23;10004;1;10005;23;;;10001.0;2.0
0;500;STARFRUIT;5037;24;;;;;5042;3;5044;24;;;5039.5;2.63671875
0;600;AMETHYSTS;9996;2;9995;28;;;10004;2;10005;28;;;10000.0;2.0
0;600;STARFRUIT;5041;5;5037;30;;;5044;30;;;;;5042.5;3.0361328125
0;700;STARFRUIT;5036;22;;;;;5043;23;;;;;5039.5;9.90234375
0;700;AMETHYSTS;9996;1;9995;22;;;10004;1;10005;22;;;10000.0;2.0
0;800;AMETHYSTS;9996;1;9995;24;;;10000;3;10004;1;10005;24;9998.0;2.0
0;800;STARFRUIT;5036;25;;;;;5039;3;5043;25;;;5037.5;12.76953125
0;900;AMETHYSTS;9996;1;9995;20;;;9998;11;10004;1;10005;20;9997.0;2.0
0;900;STARFRUIT;5036;21;;;;;5043;21;;;;;5039.5;13.916015625
0;1000;AMETHYSTS;9996;1;9995;30;;;10004;1;10005;30;;;10000.0;24.0
0;1000;STARFRUIT;5037;1;5036;30;;;5043;31;;;;;5040.0;12.88671875
0;1100;STARFRUIT;5037;22;;;;;5043;1;5044;21;;;5040.0;11.513671875
0;1100;AMETHYSTS;9996;1;9995;21;;;10002;6;10004;1;10005;21;9999.0;24.0
0;1200;AMETHYSTS;9996;1;9995;22;;;10004;1;10005;22;;;10000.0;24.0
0;1200;STARFRUIT;5036;23;;;;;5037;1;5043;23;;;5036.5;13.40625
0;1300;AMETHYSTS;10002;1;9995;25;;;10005;25;;;;;10003.5;24.0
0;1300;STARFRUIT;5036;25;;;;;5043;25;;;;;5039.5;17.42578125
0;1400;AMETHYSTS;9995;23;;;;;10000;6;10005;23;;;9997.5;26.0
0;1400;STARFRUIT;5036;23;;;;;5039;6;5043;23;;;5037.5;17.25
0;1500;STARFRUIT;5041;1;5036;21;;;5043;21;;;;;5042.0;16.833984375
0;1500;AMETHYSTS;9996;1;9995;20;;;9998;4;10004;1;10005;20;9997.0;26.0
0;1600;AMETHYSTS;9996;2;9995;28;;;10004;2;10005;28;;;10000.0;34.0
0;1600;STARFRUIT;5037;30;;;;;5043;2;5044;28;;;5040.0;15.375
0;1700;AMETHYSTS;9995;28;;;;;10005;28;;;;;10000.0;34.0
0;1700;STARFRUIT;5036;28;;;;;5041;8;5043;28;;;5038.5;16.68359375
0;1800;AMETHYSTS;10000;4;9995;23;;;10002;10;10005;23;;;10001.0;34.0
0;1800;STARFRUIT;5040;4;5036;23;;;5044;23;;;;;5042.0;15.98828125
0;1900;STARFRUIT;5036;31;;;;;5043;32;;;;;5039.5;21.64453125
0;1900;AMETHYSTS;9996;2;9995;30;;;10004;2;10005;30;;;10000.0;34.0
0;2000;AMETHYSTS;9996;2;9995;21;;;10004;2;10005;21;;;10000.0;34.0
0;2000;STARFRUIT;5036;23;;;;;5043;23;;;;;5039.5;21.14453125
0;2100;AMETHYSTS;9996;2;9995;26;;;10004;2;10005;26;;;10000.0;34.0
0;2100;STARFRUIT;5036;28;;;;;5041;5;5043;28;;;5038.5;20.7578125
0;2200;AMETHYSTS;9996;1;9995;20;;;9998;4;10004;1;10005;20;9997.0;34.0
0;2200;STARFRUIT;5037;4;5036;21;;;5043;21;;;;;5040.0;21.4296875
0;2300;STARFRUIT;5038;5;5037;24;;;5043;2;5044;22;;;5040.5;14.96875
0;2300;AMETHYSTS;9996;2;9995;22;;;10004;2;10005;22;;;10000.0;42.0
0;2400;AMETHYSTS;9996;2;9995;20;;;10004;2;10005;20;;;10000.0;42.0
0;2400;STARFRUIT;5037;22;;;;;5043;2;5044;20;;;5040.0;15.015625
0;2500;AMETHYSTS;9998;3;9996;2;9995;21;10004;2;10005;21;;;10001.0;42.0
0;2500;STARFRUIT;5036;23;;;;;5043;23;;;;;5039.5;20.328125
0;2600;AMETHYSTS;10002;1;9996;1;9995;29;10004;1;10005;29;;;10003.0;42.0
0;2600;STARFRUIT;5035;30;;;;;5042;30;;;;;5038.5;29.60546875
0;2700;STARFRUIT;5036;7;5035;23;;;5041;2;5042;21;;;5038.5;30.98828125
0;2700;AMETHYSTS;9998;7;9996;2;9995;21;10004;2;10005;21;;;10001.0;44.0
0;2800;AMETHYSTS;9995;27;;;;;10005;27;;;;;10000.0;44.0
0;2800;STARFRUIT;5035;27;;;;;5042;27;;;;;5038.5;27.34375
0;2900;AMETHYSTS;9996;2;9995;20;;;10004;2;10005;20;;;10000.0;44.0
0;2900;STARFRUIT;5035;22;;;;;5042;22;;;;;5038.5;28.3359375
0;3000;AMETHYSTS;9996;1;9995;29;;;10004;1;10005;29;;;10000.0;44.0
0;3000;STARFRUIT;5040;1;5035;6;5034;29;5041;30;;;;;5040.5;33.71484375
0;3100;STARFRUIT;5035;1;5034;27;;;5041;28;;;;;5038.0;35.19921875
0;3100;AMETHYSTS;9998;5;9996;1;9995;27;10004;1;10005;27;;;10001.0;44.0
0;3200;STARFRUIT;5035;24;;;;;5038;5;5042;24;;;5036.5;32.234375
0;3200;AMETHYSTS;10002;2;9995;24;;;10005;24;;;;;10003.5;44.0
0;3300;AMETHYSTS;10002;1;9996;1;9995;24;10004;1;10005;24;;;10003.0;48.0
0;3300;STARFRUIT;5034;25;;;;;5041;25;;;;;5037.5;35.48046875
0;3400;STARFRUIT;5034;29;;;;;5041;29;;;;;5037.5;35.603515625
0;3400;AMETHYSTS;9998;10;9996;2;9995;27;10004;2;10005;27;;;10001.0;50.0
0;3500;STARFRUIT;5034;26;;;;;5041;26;;;;;5037.5;35.40625
0;3500;AMETHYSTS;9995;26;;;;;10002;10;10005;26;;;9998.5;50.0
0;3600;STARFRUIT;5034;27;;;;;5041;27;;;;;5037.5;36.078125
0;3600;AMETHYSTS;9995;27;;;;;10002;8;10005;27;;;9998.5;50.0
0;3700;AMETHYSTS;9998;3;9995;25;;;10005;25;;;;;10001.5;50.0
0;3700;STARFRUIT;5034;25;;;;;5041;25;;;;;5037.5;34.640625
0;3800;STARFRUIT;5034;24;;;;;5039;7;5041;24;;;5036.5;35.1484375
0;3800;AMETHYSTS;9995;24;;;;;10005;24;;;;;10000.0;50.0
0;3900;STARFRUIT;5035;1;5034;26;;;5040;2;5041;24;;;5037.5;37.380859375
0;3900;AMETHYSTS;9996;2;9995;24;;;10004;2;10005;24;;;10000.0;50.0
0;4000;STARFRUIT;5034;30;;;;;5041;31;;;;;5037.5;36.396484375
0;4000;AMETHYSTS;10002;1;9996;1;9995;30;10004;1;10005;30;;;10003.0;50.0
0;4100;AMETHYSTS;10000;5;9996;2;9995;22;10002;4;10004;2;10005;22;10001.0;52.0
0;4100;STARFRUIT;5037;5;5035;2;5034;22;5041;24;;;;;5039.0;34.11328125
0;4200;STARFRUIT;5034;29;;;;;5039;7;5041;29;;;5036.5;36.5078125
0;4200;AMETHYSTS;10002;5;9996;1;9995;28;10004;1;10005;28;;;10003.0;52.0
0;4300;STARFRUIT;5034;26;;;;;5036;2;5041;26;;;5035.0;34.130859375
0;4300;AMETHYSTS;9995;26;;;;;10002;8;10005;26;;;9998.5;62.0
0;4400;STARFRUIT;5035;28;;;;;5042;28;;;;;5038.5;37.4501953125
0;4400;AMETHYSTS;9995;28;;;;;10005;28;;;;;10000.0;62.0
0;4500;AMETHYSTS;9995;26;;;;;10005;26;;;;;10000.0;62.0
0;4500;STARFRUIT;5035;26;;;;;5040;8;5042;26;;;5037.5;37.42578125
0;4600;STARFRUIT;5035;21;;;;;5040;3;5042;21;;;5037.5;37.646484375
0;4600;AMETHYSTS;9995;21;;;;;10005;21;;;;;10000.0;62.0
0;4700;STARFRUIT;5034;26;;;;;5041;26;;;;;5037.5;39.21875
0;4700;AMETHYSTS;9998;5;9995;26;;;10005;26;;;;;10001.5;62.0
0;4800;STARFRUIT;5039;1;5035;7;5034;23;5041;23;;;;;5040.0;39.130859375
0;4800;AMETHYSTS;9996;1;9995;22;;;10004;1;10005;22;;;10000.0;62.0
0;4900;AMETHYSTS;9996;2;9995;22;;;10004;2;10005;22;;;10000.0;62.0
0;4900;STARFRUIT;5033;24;;;;;5038;6;5040;24;;;5035.5;43.0634765625
0;5000;STARFRUIT;5033;6;5032;30;;;5039;31;;;;;5036.0;45.322265625
0;5000;AMETHYSTS;9998;9;9996;1;9995;30;10004;1;10005;30;;;10001.0;62.0
0;5100;STARFRUIT;5032;26;;;;;5039;26;;;;;5035.5;45.4599609375
0;5100;AMETHYSTS;9995;26;;;;;10005;26;;;;;10000.0;62.0
0;5200;STARFRUIT;5035;5;5033;8;5032;23;5039;25;;;;;5037.0;45.53125
0;5200;AMETHYSTS;10000;5;9998;7;9996;2;10004;2;10005;23;;;10002.0;62.0
0;5300;AMETHYSTS;9995;22;;;;;9998;12;10005;22;;;9996.5;62.0
0;5300;STARFRUIT;5032;22;;;;;5039;22;;;;;5035.5;46.4384765625
0;5400;STARFRUIT;5032;30;;;;;5039;30;;;;;5035.5;45.75390625
0;5400;AMETHYSTS;9995;30;;;;;10005;30;;;;;10000.0;86.0
0;5500;AMETHYSTS;9996;1;9995;28;;;10004;1;10005;28;;;10000.0;86.0
0;5500;STARFRUIT;5032;29;;;;;5033;8;5039;29;;;5032.5;45.859375
0;5600;AMETHYSTS;9998;2;9996;2;9995;23;10004;2;10005;23;;;10001.0;86.0
0;5600;STARFRUIT;5032;25;;;;;5038;2;5039;23;;;5035.0;64.3203125
0;5700;AMETHYSTS;9996;1;9995;30;;;10004;1;10005;30;;;10000.0;86.0
0;5700;STARFRUIT;5032;3;5031;31;;;5038;31;;;;;5035.0;61.44921875
0;5800;STARFRUIT;5031;30;;;;;5038;30;;;;;5034.5;62.23828125
0;5800;AMETHYSTS;9996;2;9995;28;;;10004;2;10005;28;;;10000.0;86.0
0;5900;AMETHYSTS;9996;2;9995;21;;;10004;2;10005;21;;;10000.0;86.0
0;5900;STARFRUIT;5031;23;;;;;5038;23;;;;;5034.5;62.8203125
0;6000;AMETHYSTS;9995;30;;;;;10002;10;10005;30;;;9998.5;86.0
0;6000;STARFRUIT;5031;30;;;;;5038;30;;;;;5034.5;62.302734375
0;6100;AMETHYSTS;9996;1;9995;24;;;10004;1;10005;24;;;10000.0;86.0
0;6100;STARFRUIT;5031;25;;;;;5037;1;5038;24;;;5034.0;59.41015625
0;6200;STARFRUIT;5036;1;5031;30;;;5038;30;;;;;5037.0;60.234375
0;6200;AMETHYSTS;9998;3;9996;1;9995;29;10004;1;10005;29;;;10001.0;86.0
0;6300;AMETHYSTS;9995;22;;;;;10005;22;;;;;10000.0;86.0
0;6300;STARFRUIT;5030;22;;;;;5037;22;;;;;5033.5;59.51171875
0;6400;AMETHYSTS;9996;1;9995;23;;;10002;6;10004;1;10005;23;9999.0;86.0
0;6400;STARFRUIT;5030;24;;;;;5036;1;5037;23;;;5033.0;57.587890625
0;6500;AMETHYSTS;9995;22;;;;;10005;22;;;;;10000.0;86.0
0;6500;STARFRUIT;5029;22;;;;;5036;22;;;;;5032.5;56.890625
0;6600;STARFRUIT;5030;29;;;;;5031;7;5036;2;5037;27;5030.5;57.67578125
0;6600;AMETHYSTS;9996;2;9995;27;;;10004;2;10005;27;;;10000.0;86.0
0;6700;AMETHYSTS;9996;1;9995;30;;;10004;1;10005;30;;;10000.0;86.0
0;6700;STARFRUIT;5030;1;5029;30;;;5034;7;5036;31;;;5032.0;69.87890625
0;6800;AMETHYSTS;10000;5;9996;2;9995;29;10004;2;10005;29;;;10002.0;86.0
0;6800;STARFRUIT;5033;4;5030;31;;;5037;31;;;;;5035.0;74.46484375
0;6900;AMETHYSTS;9996;2;9995;27;;;10004;2;10005;27;;;10000.0;86.0
0;6900;STARFRUIT;5030;29;;;;;5035;3;5037;29;;;5032.5;74.9375
0;7000;STARFRUIT;5030;8;5029;30;;;5036;31;;;;;5033.0;68.70703125
0;7000;AMETHYSTS;9996;1;9995;30;;;10004;1;10005;30;;;10000.0;86.0
0;7100;AMETHYSTS;9996;1;9995;30;;;9998;5;10002;7;10004;1;9997.0;86.0
0;7100;STARFRUIT;5030;1;5029;30;;;5036;31;;;;;5033.0;68.8515625
0;7200;AMETHYSTS;9996;1;9995;22;;;10002;1;10004;1;10005;22;9999.0;96.0
0;7200;STARFRUIT;5031;6;5030;23;;;5036;1;5037;22;;;5033.5;73.0
0;7300;AMETHYSTS;9996;1;9995;25;;;10004;1;10005;25;;;10000.0;96.0
0;7300;STARFRUIT;5030;26;;;;;5036;1;5037;25;;;5033.0;71.47265625
0;7400;STARFRUIT;5030;22;;;;;5037;22;;;;;5033.5;73.1015625
0;7400;AMETHYSTS;10002;1;9995;22;;;10005;22;;;;;10003.5;96.0
0;7500;AMETHYSTS;9995;29;;;;;10005;29;;;;;10000.0;98.0
0;7500;STARFRUIT;5030;29;;;;;5035;3;5037;29;;;5032.5;80.15234375
0;7600;AMETHYSTS;10002;1;9995;27;;;10005;27;;;;;10003.5;98.0
0;7600;STARFRUIT;5031;27;;;;;5038;27;;;;;5034.5;85.08203125
0;7700;STARFRUIT;5030;26;;;;;5037;26;;;;;5033.5;78.91796875
0;7700;AMETHYSTS;9996;1;9995;25;;;10002;5;10004;1;10005;25;9999.0;100.0
0;7800;AMETHYSTS;9995;23;;;;;10005;23;;;;;10000.0;100.0
0;7800;STARFRUIT;5031;1;5030;23;;;5037;23;;;;;5034.0;79.1953125
0;7900;AMETHYSTS;9996;2;9995;22;;;10002;7;10004;2;10005;22;9999.0;100.0
0;7900;STARFRUIT;5030;24;;;;;5037;24;;;;;5033.5;75.9140625
0;8000;AMETHYSTS;10000;3;9996;2;9995;28;10004;2;10005;28;;;10002.0;100.0
0;8000;STARFRUIT;5036;1;5033;3;5031;2;5037;30;;;;;5036.5;81.0703125
0;8100;STARFRUIT;5030;25;;;;;5037;25;;;;;5033.5;83.23828125
0;8100;AMETHYSTS;9995;25;;;;;10005;25;;;;;10000.0;100.0
0;8200;AMETHYSTS;9996;2;9995;25;;;10004;2;10005;25;;;10000.0;100.0
0;8200;STARFRUIT;5030;27;;;;;5037;27;;;;;5033.5;81.3125
0;8300;AMETHYSTS;9998;9;9995;28;;;10005;28;;;;;10001.5;100.0
0;8300;STARFRUIT;5030;28;;;;;5037;28;;;;;5033.5;82.6875
0;8400;AMETHYSTS;9998;5;9995;29;;;10005;29;;;;;10001.5;100.0
0;8400;STARFRUIT;5031;29;;;;;5038;29;;;;;5034.5;86.0546875
0;8500;STARFRUIT;5032;8;5031;27;;;5037;2;5038;25;;;5034.5;85.12890625
0;8500;AMETHYSTS;9996;2;9995;25;;;10004;2;10005;25;;;10000.0;100.0
0;8600;AMETHYSTS;9996;2;9995;27;;;10004;2;10005;27;;;10000.0;100.0
0;8600;STARFRUIT;5031;29;;;;;5037;2;5038;27;;;5034.0;84.2890625
0;8700;AMETHYSTS;9996;2;9995;22;;;10004;2;10005;22;;;10000.0;100.0
0;8700;STARFRUIT;5035;1;5031;8;5030;24;5037;24;;;;;5036.0;77.5625
0;8800;AMETHYSTS;9996;1;9995;30;;;10004;1;10005;30;;;10000.0;100.0
0;8800;STARFRUIT;5030;31;;;;;5037;31;;;;;5033.5;80.4296875
0;8900;STARFRUIT;5031;2;5030;26;;;5037;26;;;;;5034.0;78.484375
0;8900;AMETHYSTS;9995;26;;;;;10005;26;;;;;10000.0;100.0
0;9000;AMETHYSTS;9995;23;;;;;10005;23;;;;;10000.0;100.0
0;9000;STARFRUIT;5030;23;;;;;5037;23;;;;;5033.5;77.5546875
0;9100;AMETHYSTS;9995;22;;;;;9998;1;10005;22;;;9996.5;100.0
0;9100;STARFRUIT;5030;5;5029;22;;;5036;22;;;;;5033.0;74.83203125
0;9200;AMETHYSTS;9996;2;9995;25;;;10004;2;10005;25;;;10000.0;102.0
0;9200;STARFRUIT;5030;5;5029;25;;;5036;27;;;;;5033.0;75.67578125
0;9300;STARFRUIT;5030;1;5029;29;;;5036;30;;;;;5033.0;75.2890625
0;9300;AMETHYSTS;10002;11;9998;1;9996;1;10004;1;10005;29;;;10003.0;102.0
0;9400;AMETHYSTS;10002;1;9996;2;9995;28;10004;2;10005;28;;;10003.0;124.0
0;9400;STARFRUIT;5031;3;5030;30;;;5036;2;5037;28;;;5033.5;78.0390625
0;9500;AMETHYSTS;10002;1;9996;2;9995;24;10004;2;10005;24;;;10003.0;126.0
0;9500;STARFRUIT;5030;2;5029;24;;;5036;26;;;;;5033.0;74.94140625
0;9600;AMETHYSTS;9996;1;9995;20;;;10002;6;10004;1;10005;20;9999.0;128.0
0;9600;STARFRUIT;5029;21;;;;;5036;21;;;;;5032.5;73.0234375
0;9700;STARFRUIT;5029;31;;;;;5032;5;5034;5;5036;31;5030.5;72.1171875
0;9700;AMETHYSTS;9996;1;9995;30;;;10000;4;10004;1;10005;30;9998.0;128.0
0;9800;AMETHYSTS;9998;1;9996;2;9995;24;10004;2;10005;24;;;10001.0;128.0
0;9800;STARFRUIT;5029;26;;;;;5036;26;;;;;5032.5;74.6640625
0;9900;AMETHYSTS;9995;24;;;;;10005;24;;;;;10000.0;128.0
0;9900;STARFRUIT;5029;24;;;;;5036;24;;;;;5032.5;71.9765625
0;10000;AMETHYSTS;9995;27;;;;;10005;27;;;;;10000.0;128.0
0;10000;STARFRUIT;5029;27;;;;;5036;27;;;;;5032.5;72.0546875
0;10100;STARFRUIT;5028;21;;;;;5033;5;5035;21;;;5030.5;63.2578125
0;10100;AMETHYSTS;10002;4;9996;1;9995;20;10004;1;10005;20;;;10003.0;128.0
0;10200;AMETHYSTS;9995;20;;;;;10005;20;;;;;10000.0;136.0
0;10200;STARFRUIT;5028;20;;;;;5035;20;;;;;5031.5;63.6015625
0;10300;AMETHYSTS;9996;1;9995;24;;;10004;1;10005;24;;;10000.0;136.0
0;10300;STARFRUIT;5030;5;5029;25;;;5035;1;5036;24;;;5032.5;67.921875
0;10400;AMETHYSTS;9995;25;;;;;10005;25;;;;;10000.0;136.0
0;10400;STARFRUIT;5029;25;;;;;5036;25;;;;;5032.5;68.7421875
0;10500;STARFRUIT;5030;8;5029;26;;;5037;26;;;;;5033.5;80.921875
0;10500;AMETHYSTS;9995;26;;;;;10005;26;;;;;10000.0;136.0
0;10600;AMETHYSTS;9995;20;;;;;10005;20;;;;;10000.0;136.0
0;10600;STARFRUIT;5034;3;5029;20;;;5036;20;;;;;5035.0;73.6953125
0;10700;AMETHYSTS;9995;24;;;;;9998;3;10005;24;;;9996.5;136.0
0;10700;STARFRUIT;5030;7;5029;24;;;5036;24;;;;;5033.0;73.24609375
0;10800;AMETHYSTS;9995;23;;;;;10002;1;10005;23;;;9998.5;142.0
0;10800;STARFRUIT;5030;6;5029;23;;;5036;23;;;;;5033.0;73.76953125
0;10900;STARFRUIT;5029;1;5028;22;;;5031;6;5035;23;;;5030.0;72.296875
0;10900;AMETHYSTS;9996;1;9995;22;;;10000;6;10004;1;10005;22;9998.0;142.0
0;11000;AMETHYSTS;9996;1;9995;26;;;10004;1;10005;26;;;10000.0;142.0
0;11000;STARFRUIT;5028;27;;;;;5033;2;5035;27;;;5030.5;67.125
0;11100;AMETHYSTS;9996;1;9995;30;;;10002;1;10004;1;10005;30;9999.0;142.0
0;11100;STARFRUIT;5029;1;5028;31;;;5034;1;5035;30;;;5031.5;65.0546875
0;11200;AMETHYSTS;9996;2;9995;28;;;10004;2;10005;28;;;10000.0;142.0
0;11200;STARFRUIT;5028;2;5027;28;;;5032;5;5034;30;;;5030.0;58.3359375
0;11300;STARFRUIT;5027;27;;;;;5034;27;;;;;5030.5;53.84375
0;11300;AMETHYSTS;9996;2;9995;25;;;10002;2;10004;2;10005;25;9999.0;142.0
0;11400;AMETHYSTS;9995;30;;;;;10005;30;;;;;10000.0;142.0
0;11400;STARFRUIT;5027;30;;;;;5034;30;;;;;5030.5;50.015625
0;11500;AMETHYSTS;9996;1;9995;28;;;10004;1;10005;28;;;10000.0;142.0
0;11500;STARFRUIT;5027;29;;;;;5032;5;5034;29;;;5029.5;57.03125
0;11600;AMETHYSTS;9996;2;9995;22;;;10004;2;10005;22;;;10000.0;142.0
0;11600;STARFRUIT;5027;24;;;;;5032;7;5034;24;;;5029.5;54.7265625
0;11700;STARFRUIT;5029;4;5027;2;5026;20;5033;22;;;;;5031.0;41.875
0;11700;AMETHYSTS;10000;4;9996;2;9995;20;10004;2;10005;20;;;10002.0;142.0
0;11800;AMETHYSTS;9998;10;9996;1;9995;21;10004;1;10005;21;;;10001.0;142.0
0;11800;STARFRUIT;5026;22;;;;;5033;22;;;;;5029.5;36.15625
0;11900;AMETHYSTS;10002;1;10000;4;9998;1;10004;1;10005;22;;;10003.0;142.0
0;11900;STARFRUIT;5028;4;5026;1;5025;22;5032;23;;;;;5030.0;24.0234375
0;12000;STARFRUIT;5025;28;;;;;5032;28;;;;;5028.5;18.4609375
0;12000;AMETHYSTS;9996;1;9995;27;;;10004;1;10005;27;;;10000.0;144.0
0;12100;STARFRUIT;5026;2;5025;23;;;5032;25;;;;;5029.0;25.65625
0;12100;AMETHYSTS;9996;2;9995;23;;;9998;8;10004;2;10005;23;9997.0;144.0
0;12200;STARFRUIT;5025;25;;;;;5032;25;;;;;5028.5;23.765625
0;12200;AMETHYSTS;9996;2;9995;23;;;10004;2;10005;23;;;10000.0;160.0
0;12300;AMETHYSTS;9996;1;9995;24;;;10002;3;10004;1;10005;24;9999.0;160.0
0;12300;STARFRUIT;5026;5;5025;24;;;5032;25;;;;;5029.0;26.1171875
0;12400;STARFRUIT;5026;29;;;;;5033;29;;;;;5029.5;31.4296875
0;12400;AMETHYSTS;10002;1;9998;5;9995;29;10005;29;;;;;10003.5;160.0
0;12500;STARFRUIT;5029;3;5026;23;;;5033;23;;;;;5031.0;33.4453125
0;12500;AMETHYSTS;10000;3;9996;1;9995;22;10004;1;10005;22;;;10002.0;162.0
0;12600;STARFRUIT;5029;4;5026;26;;;5033;26;;;;;5031.0;34.4140625
0;12600;AMETHYSTS;10000;4;9995;26;;;10005;26;;;;;10002.5;162.0
0;12700;AMETHYSTS;10002;1;9996;1;9995;27;10004;1;10005;27;;;10003.0;162.0
0;12700;STARFRUIT;5027;28;;;;;5034;28;;;;;5030.5;49.46875
0;12800;STARFRUIT;5030;4;5027;30;;;5034;30;;;;;5032.0;52.890625
0;12800;AMETHYSTS;10000;4;9996;2;9995;28;10002;9;10004;2;10005;28;10001.0;164.0
0;12900;STARFRUIT;5027;23;;;;;5032;2;5034;23;;;5029.5;52.4375
0;12900;AMETHYSTS;9996;2;9995;21;;;10002;4;10004;2;10005;21;9999.0;164.0
0;13000;STARFRUIT;5027;32;;;;;5034;32;;;;;5030.5;55.234375
0;13000;AMETHYSTS;9996;2;9995;30;;;10002;2;10004;2;10005;30;9999.0;164.0
0;13100;AMETHYSTS;9995;21;;;;;10000;2;10005;21;;;9997.5;164.0
0;13100;STARFRUIT;5028;21;;;;;5031;2;5035;21;;;5029.5;63.4296875
0;13200;STARFRUIT;5033;1;5029;7;5028;31;5035;31;;;;;5034.0;67.1640625
0;13200;AMETHYSTS;9998;9;9996;2;9995;29;10004;2;10005;29;;;10001.0;164.0
0;13300;STARFRUIT;5028;23;;;;;5035;23;;;;;5031.5;72.3359375
0;13300;AMETHYSTS;10002;2;9996;1;9995;22;10004;1;10005;22;;;10003.0;164.0
0;13400;STARFRUIT;5028;26;;;;;5035;26;;;;;5031.5;72.375
0;13400;AMETHYSTS;9995;26;;;;;10005;26;;;;;10000.0;168.0
0;13500;AMETHYSTS;9996;1;9995;24;;;10004;1;10005;24;;;10000.0;168.0
0;13500;STARFRUIT;5028;25;;;;;5035;25;;;;;5031.5;69.09375
0;13600;STARFRUIT;5028;26;;;;;5033;3;5035;26;;;5030.5;73.2421875
0;13600;AMETHYSTS;9996;2;9995;24;;;10002;6;10004;2;10005;24;9999.0;168.0
0;13700;STARFRUIT;5028;28;;;;;5035;28;;;;;5031.5;77.0
0;13700;AMETHYSTS;10002;1;9995;28;;;10005;28;;;;;10003.5;168.0
0;13800;STARFRUIT;5028;23;;;;;5035;23;;;;;5031.5;78.9765625
0;13800;AMETHYSTS;9998;1;9995;23;;;10005;23;;;;;10001.5;170.0
0;13900;AMETHYSTS;9996;1;9995;20;;;10004;1;10005;20;;;10000.0;170.0
0;13900;STARFRUIT;5029;21;;;;;5031;3;5036;21;;;5030.0;89.171875
0;14000;STARFRUIT;5030;3;5029;28;;;5036;29;;;;;5033.0;93.8203125
0;14000;AMETHYSTS;10002;6;9998;1;9996;1;10004;1;10005;28;;;10003.0;170.0
0;14100;STARFRUIT;5029;22;;;;;5036;22;;;;;5032.5;91.2890625
0;14100;AMETHYSTS;9996;2;9995;20;;;10002;4;10004;2;10005;20;9999.0;182.0
0;14200;STARFRUIT;5029;21;;;;;5036;21;;;;;5032.5;88.171875
0;14200;AMETHYSTS;9995;21;;;;;10005;21;;;;;10000.0;182.0
0;14300;AMETHYSTS;9996;1;9995;21;;;10004;1;10005;21;;;10000.0;182.0
0;14300;STARFRUIT;5029;1;5028;21;;;5035;22;;;;;5032.0;78.84375
0;14400;STARFRUIT;5029;22;;;;;5036;23;;;;;5032.5;86.859375
0;14400;AMETHYSTS;10002;4;9996;2;9995;21;10004;2;10005;21;;;10003.0;182.0
0;14500;AMETHYSTS;9996;1;9995;28;;;10002;10;10004;1;10005;28;9999.0;190.0
0;14500;STARFRUIT;5029;29;;;;;5034;6;5036;29;;;5031.5;86.65625
0;14600;AMETHYSTS;9996;1;9995;27;;;10004;1;10005;27;;;10000.0;190.0
0;14600;STARFRUIT;5029;1;5028;27;;;5030;3;5035;1;5036;27;5029.5;79.7578125
0;14700;AMETHYSTS;9996;1;9995;23;;;10004;1;10005;23;;;10000.0;190.0
0;14700;STARFRUIT;5029;24;;;;;5034;2;5035;1;5036;23;5031.5;87.0234375
0;14800;STARFRUIT;5029;1;5028;30;;;5033;3;5035;31;;;5031.0;83.0
0;14800;AMETHYSTS;9996;1;9995;30;;;9998;1;10004;1;10005;30;9997.0;190.0
0;14900;AMETHYSTS;9996;1;9995;25;;;10002;1;10004;1;10005;25;9999.0;192.0
0;14900;STARFRUIT;5032;4;5028;26;;;5035;26;;;;;5033.5;72.75
0;15000;AMETHYSTS;9996;2;9995;25;;;10004;2;10005;25;;;10000.0;192.0
0;15000;STARFRUIT;5029;6;5028;25;;;5035;27;;;;;5032.0;85.5703125
0;15100;AMETHYSTS;9996;1;9995;20;;;9998;1;10004;1;10005;20;9997.0;192.0
0;15100;STARFRUIT;5028;21;;;;;5035;21;;;;;5031.5;77.125
0;15200;STARFRUIT;5031;4;5029;4;5028;23;5035;23;;;;;5033.0;80.40625
0;15200;AMETHYSTS;10000;4;9996;2;9995;21;10002;4;10004;2;10005;21;10001.0;194.0
0;15300;AMETHYSTS;9996;2;9995;22;;;10002;7;10004;2;10005;22;9999.0;194.0
0;15300;STARFRUIT;5028;2;5027;22;;;5033;6;5034;2;5035;22;5030.5;71.0390625
0;15400;AMETHYSTS;9995;30;;;;;10005;30;;;;;10000.0;194.0
0;15400;STARFRUIT;5027;30;;;;;5034;30;;;;;5030.5;67.78125
0;15500;AMETHYSTS;9995;25;;;;;9998;11;10005;25;;;9996.5;194.0
0;15500;STARFRUIT;5028;25;;;;;5035;25;;;;;5031.5;71.4453125
0;15600;STARFRUIT;5028;23;;;;;5034;1;5035;22;;;5031.0;71.8046875
0;15600;AMETHYSTS;9996;1;9995;22;;;10004;1;10005;22;;;10000.0;216.0
0;15700;AMETHYSTS;9996;2;9995;28;;;10004;2;10005;28;;;10000.0;216.0
0;15700;STARFRUIT;5028;30;;;;;5033;1;5034;2;5035;28;5030.5;72.34375
0;15800;AMETHYSTS;9998;6;9996;2;9995;26;10004;2;10005;26;;;10001.0;216.0
0;15800;STARFRUIT;5029;4;5028;28;;;5035;28;;;;;5032.0;81.8984375
0;15900;AMETHYSTS;9996;1;9995;20;;;10002;8;10004;1;10005;20;9999.0;216.0
0;15900;STARFRUIT;5029;1;5028;20;;;5030;3;5035;21;;;5029.5;84.0625
0;16000;STARFRUIT;5029;22;;;;;5034;4;5036;22;;;5031.5;96.5234375
0;16000;AMETHYSTS;9996;2;9995;20;;;10004;2;10005;20;;;10000.0;216.0
0;16100;AMETHYSTS;9996;1;9995;26;;;10004;1;10005;26;;;10000.0;216.0
0;16100;STARFRUIT;5029;27;;;;;5031;2;5034;8;5036;27;5030.0;102.1328125
0;16200;AMETHYSTS;9995;27;;;;;10002;4;10005;27;;;9998.5;216.0
0;16200;STARFRUIT;5029;26;;;;;5036;27;;;;;5032.5;93.140625
0;16300;AMETHYSTS;9996;1;9995;21;;;10004;1;10005;21;;;10000.0;216.0
0;16300;STARFRUIT;5029;22;;;;;5036;22;;;;;5032.5;96.765625
0;16400;AMETHYSTS;9996;2;9995;25;;;10002;6;10004;2;10005;25;9999.0;216.0
0;16400;STARFRUIT;5028;27;;;;;5033;7;5035;27;;;5030.5;87.6484375
0;16500;AMETHYSTS;9995;22;;;;;10005;22;;;;;10000.0;216.0
0;16500;STARFRUIT;5028;22;;;;;5033;1;5035;22;;;5030.5;74.7734375
0;16600;AMETHYSTS;9995;26;;;;;10005;26;;;;;10000.0;216.0
0;16600;STARFRUIT;5029;7;5028;26;;;5035;26;;;;;5032.0;75.03125
0;16700;STARFRUIT;5028;25;;;;;5035;25;;;;;5031.5;79.2265625
0;16700;AMETHYSTS;10002;1;9998;2;9995;25;10005;25;;;;;10003.5;216.0
0;16800;AMETHYSTS;10000;2;9996;2;9995;25;10004;2;10005;25;;;10002.0;218.0
0;16800;STARFRUIT;5031;2;5028;27;;;5035;27;;;;;5033.0;80.8984375
0;16900;AMETHYSTS;9996;2;9995;22;;;10004;2;10005;22;;;10000.0;218.0
0;16900;STARFRUIT;5028;24;;;;;5035;24;;;;;5031.5;79.765625
0;17000;AMETHYSTS;9996;1;9995;25;;;10004;1;10005;25;;;10000.0;218.0
0;17000;STARFRUIT;5029;1;5028;26;;;5034;1;5035;25;;;5031.5;75.0625
0;17100;STARFRUIT;5028;1;5027;26;;;5034;27;;;;;5031.0;71.7578125
0;17100;AMETHYSTS;9996;1;9995;26;;;10004;1;10005;26;;;10000.0;218.0
0;17200;AMETHYSTS;9996;1;9995;27;;;10004;1;10005;27;;;10000.0;218.0
0;17200;STARFRUIT;5028;5;5027;28;;;5034;28;;;;;5031.0;60.796875
0;17300;AMETHYSTS;9996;1;9995;27;;;10004;1;10005;27;;;10000.0;218.0
0;17300;STARFRUIT;5026;28;;;;;5031;6;5032;1;5033;27;5028.5;39.4296875
0;17400;AMETHYSTS;9995;25;;;;;9998;11;10005;25;;;9996.5;218.0
0;17400;STARFRUIT;5030;3;5026;2;5025;25;5032;25;;;;;5031.0;36.046875
0;17500;STARFRUIT;5026;28;;;;;5033;28;;;;;5029.5;43.953125
0;17500;AMETHYSTS;9996;2;9995;26;;;10004;2;10005;26;;;10000.0;240.0
0;17600;AMETHYSTS;9996;1;9995;29;;;10004;1;10005;29;;;10000.0;240.0
0;17600;STARFRUIT;5027;3;5026;30;;;5032;1;5033;29;;;5029.5;38.7734375
0;17700;AMETHYSTS;9998;2;9995;22;;;10005;22;;;;;10001.5;240.0
0;17700;STARFRUIT;5026;22;;;;;5033;22;;;;;5029.5;45.390625
0;17800;AMETHYSTS;9996;2;9995;30;;;9998;3;10002;5;10004;2;9997.0;240.0
0;17800;STARFRUIT;5026;32;;;;;5031;5;5033;32;;;5028.5;50.4609375
0;17900;STARFRUIT;5032;1;5029;2;5026;21;5033;21;;;;;5032.5;49.8125
0;17900;AMETHYSTS;9995;21;;;;;9998;1;10002;3;10005;21;9996.5;246.0
0;18000;AMETHYSTS;9995;24;;;;;10005;24;;;;;10000.0;248.0
0;18000;STARFRUIT;5026;24;;;;;5033;24;;;;;5029.5;47.3515625
0;18100;AMETHYSTS;9996;2;9995;28;;;10004;2;10005;28;;;10000.0;248.0
0;18100;STARFRUIT;5026;30;;;;;5033;30;;;;;5029.5;47.1953125
0;18200;AMETHYSTS;9996;2;9995;23;;;10002;10;10004;2;10005;23;9999.0;248.0
0;18200;STARFRUIT;5027;25;;;;;5033;2;5034;23;;;5030.0;58.421875
0;18300;STARFRUIT;5027;20;;;;;5034;20;;;;;5030.5;61.90625
0;18300;AMETHYSTS;9995;20;;;;;10005;20;;;;;10000.0;248.0
0;18400;AMETHYSTS;9996;1;9995;21;;;10004;1;10005;21;;;10000.0;248.0
0;18400;STARFRUIT;5032;1;5027;22;;;5033;1;5034;21;;;5032.5;59.9609375
0;18500;AMETHYSTS;9996;2;9995;21;;;10004;2;10005;21;;;10000.0;248.0
0;18500;STARFRUIT;5027;23;;;;;5029;1;5034;23;;;5028.0;69.4296875
0;18600;AMETHYSTS;9996;1;9995;21;;;10004;1;10005;21;;;10000.0;248.0
0;18600;STARFRUIT;5028;22;;;;;5029;9;5035;22;;;5028.5;84.8828125
0;18700;STARFRUIT;5028;30;;;;;5035;30;;;;;5031.5;99.578125
0;18700;AMETHYSTS;10002;1;9995;30;;;10005;30;;;;;10003.5;248.0
0;18800;AMETHYSTS;9995;24;;;;;10002;7;10005;24;;;9998.5;250.0
0;18800;STARFRUIT;5028;24;;;;;5035;24;;;;;5031.5;93.625
0;18900;AMETHYSTS;10002;1;9995;25;;;10005;25;;;;;10003.5;250.0
0;18900;STARFRUIT;5030;7;5029;25;;;5036;25;;;;;5033.0;109.25
0;19000;AMETHYSTS;9996;1;9995;30;;;10004;1;10005;30;;;10000.0;252.0
0;19000;STARFRUIT;5029;31;;;;;5036;31;;;;;5032.5;114.84375
0;19100;STARFRUIT;5030;2;5029;21;;;5036;23;;;;;5033.0;122.7109375
0;19100;AMETHYSTS;9996;2;9995;21;;;10004;2;10005;21;;;10000.0;252.0
0;19200;AMETHYSTS;9995;26;;;;;10002;1;10005;26;;;9998.5;252.0
0;19200;STARFRUIT;5030;26;;;;;5037;26;;;;;5033.5;129.828125
0;19300;AMETHYSTS;9996;2;9995;23;;;9998;6;10004;2;10005;23;9997.0;252.0
0;19300;STARFRUIT;5032;2;5031;23;;;5038;25;;;;;5035.0;160.25
0;19400;AMETHYSTS;9996;2;9995;24;;;10002;5;10004;2;10005;24;9999.0;264.0
0;19400;STARFRUIT;5032;26;;;;;5038;2;5039;24;;;5035.0;166.2265625
0;19500;STARFRUIT;5031;23;;;;;5038;23;;;;;5034.5;161.046875
0;19500;AMETHYSTS;9995;23;;;;;10005;23;;;;;10000.0;264.0
0;19600;AMETHYSTS;10002;1;9998;5;9996;1;10004;1;10005;26;;;10003.0;264.0
0;19600;STARFRUIT;5032;27;;;;;5038;1;5039;26;;;5035.0;166.578125
0;19700;AMETHYSTS;9996;2;9995;29;;;10004;2;10005;29;;;10000.0;266.0
0;19700;STARFRUIT;5032;31;;;;;5039;31;;;;;5035.5;178.1796875
0;19800;AMETHYSTS;9996;2;9995;26;;;10004;2;10005;26;;;10000.0;266.0
0;19800;STARFRUIT;5033;2;5032;26;;;5039;28;;;;;5036.0;182.625
0;19900;STARFRUIT;5033;1;5032;22;;;5039;23;;;;;5036.0;181.765625
0;19900;AMETHYSTS;9996;1;9995;22;;;9998;1;10004;1;10005;22;9997.0;266.0
0;20000;AMETHYSTS;9995;26;;;;;9998;1;10005;26;;;9996.5;268.0
0;20000;STARFRUIT;5032;26;;;;;5037;4;5039;26;;;5034.5;178.765625
0;20100;AMETHYSTS;9996;1;9995;29;;;9998;4;10004;1;10005;29;9997.0;270.0
0;20100;STARFRUIT;5033;30;;;;;5038;4;5039;1;5040;29;5035.5;187.4296875
0;20200;AMETHYSTS;10002;1;9995;20;;;10005;20;;;;;10003.5;278.0
0;20200;STARFRUIT;5032;20;;;;;5039;20;;;;;5035.5;178.59375
0;20300;STARFRUIT;5032;24;;;;;5039;24;;;;;5035.5;182.3984375
0;20300;AMETHYSTS;10002;4;9995;24;;;10005;24;;;;;10003.5;280.0
0;20400;AMETHYSTS;10002;2;9996;1;9995;27;10004;1;10005;27;;;10003.0;288.0
0;20400;STARFRUIT;5032;28;;;;;5033;3;5039;28;;;5032.5;170.7578125
0;20500;AMETHYSTS;9998;7;9996;1;9995;25;10004;1;10005;25;;;10001.0;292.0
0;20500;STARFRUIT;5032;26;;;;;5033;8;5039;26;;;5032.5;175.9921875
0;20600;AMETHYSTS;9996;1;9995;24;;;9998;4;10002;5;10004;1;9997.0;292.0
0;20600;STARFRUIT;5033;25;;;;;5040;25;;;;;5036.5;189.9453125
0;20700;STARFRUIT;5038;2;5034;3;5033;30;5041;30;;;;;5039.5;203.7578125
0;20700;AMETHYSTS;9995;30;;;;;10005;30;;;;;10000.0;300.0
0;20800;AMETHYSTS;9996;2;9995;24;;;10004;2;10005;24;;;10000.0;300.0
0;20800;STARFRUIT;5034;26;;;;;5040;2;5041;24;;;5037.0;208.0
0;20900;AMETHYSTS;9996;2;9995;29;;;10004;2;10005;29;;;10000.0;300.0
0;20900;STARFRUIT;5034;31;;;;;5035;1;5041;31;;;5034.5;215.7109375
0;21000;STARFRUIT;5034;26;;;;;5041;26;;;;;5037.5;219.6875
0;21000;AMETHYSTS;9996;1;9995;25;;;10004;1;10005;25;;;10000.0;300.0
0;21100;STARFRUIT;5034;28;;;;;5037;2;5041;28;;;5035.5;214.421875
0;21100;AMETHYSTS;9995;28;;;;;10000;2;10005;28;;;9997.5;300.0
0;21200;STARFRUIT;5040;1;5034;29;;;5041;29;;;;;5040.5;221.8671875
0;21200;AMETHYSTS;9995;29;;;;;9998;1;10005;29;;;9996.5;300.0
0;21300;AMETHYSTS;9995;22;;;;;10005;22;;;;;10000.0;302.0
0;21300;STARFRUIT;5034;22;;;;;5040;2;5042;22;;;5037.0;229.3671875
0;21400;STARFRUIT;5035;1;5034;29;;;5041;30;;;;;5038.0;227.203125
0;21400;AMETHYSTS;9996;1;9995;29;;;10004;1;10005;29;;;10000.0;302.0
0;21500;STARFRUIT;5034;28;;;;;5035;5;5041;30;;;5034.5;227.40625
0;21500;AMETHYSTS;9996;2;9995;28;;;10004;2;10005;28;;;10000.0;302.0
0;21600;STARFRUIT;5035;22;;;;;5042;22;;;;;5038.5;240.703125
0;21600;AMETHYSTS;9998;5;9996;2;9995;20;10004;2;10005;20;;;10001.0;302.0
0;21700;AMETHYSTS;9996;2;9995;25;;;10004;2;10005;25;;;10000.0;302.0
0;21700;STARFRUIT;5035;6;5034;25;;;5041;2;5042;25;;;5038.0;234.875
0;21800;STARFRUIT;5035;26;;;;;5042;26;;;;;5038.5;247.796875
0;21800;AMETHYSTS;9996;1;9995;25;;;10004;1;10005;25;;;10000.0;302.0
0;21900;STARFRUIT;5035;27;;;;;5042;27;;;;;5038.5;246.984375
0;21900;AMETHYSTS;9995;27;;;;;10002;3;10005;27;;;9998.5;302.0
0;22000;STARFRUIT;5035;22;;;;;5042;22;;;;;5038.5;248.2421875
0;22000;AMETHYSTS;9996;2;9995;20;;;10004;2;10005;20;;;10000.0;302.0
0;22100;AMETHYSTS;9995;22;;;;;10005;22;;;;;10000.0;302.0
0;22100;STARFRUIT;5035;22;;;;;5040;4;5042;22;;;5037.5;242.96875
0;22200;STARFRUIT;5036;3;5035;23;;;5042;23;;;;;5039.0;252.8203125
0;22200;AMETHYSTS;10002;1;9995;23;;;10005;23;;;;;10003.5;302.0
0;22300;STARFRUIT;5036;30;;;;;5043;30;;;;;5039.5;261.9921875
0;22300;AMETHYSTS;9996;2;9995;28;;;10004;2;10005;28;;;10000.0;304.0
0;22400;STARFRUIT;5036;24;;;;;5043;24;;;;;5039.5;268.7421875
0;22400;AMETHYSTS;9996;1;9995;23;;;10002;2;10004;1;10005;23;9999.0;304.0
0;22500;AMETHYSTS;9998;2;9995;27;;;10005;27;;;;;10001.5;304.0
0;22500;STARFRUIT;5041;1;5036;27;;;5043;27;;;;;5042.0;257.65625
0;22600;STARFRUIT;5042;1;5041;4;5037;4;5043;26;;;;;5042.5;269.4140625
0;22600;AMETHYSTS;9998;5;9996;1;9995;25;10004;1;10005;25;;;10001.0;304.0
0;22700;STARFRUIT;5036;26;;;;;5042;1;5043;25;;;5039.0;269.4609375
0;22700;AMETHYSTS;9996;1;9995;25;;;10002;9;10004;1;10005;25;9999.0;304.0
0;22800;STARFRUIT;5036;27;;;;;5043;27;;;;;5039.5;272.328125
0;22800;AMETHYSTS;10002;1;9996;1;9995;26;10004;1;10005;26;;;10003.0;304.0
0;22900;AMETHYSTS;10002;2;9996;1;9995;22;10004;1;10005;22;;;10003.0;306.0
0;22900;STARFRUIT;5036;23;;;;;5037;1;5041;4;5043;23;5036.5;276.9375
0;23000;STARFRUIT;5042;1;5037;1;5036;20;5043;21;;;;;5042.5;281.765625
0;23000;AMETHYSTS;9996;1;9995;20;;;10002;2;10004;1;10005;20;9999.0;310.0
0;23100;STARFRUIT;5038;7;5037;28;;;5043;2;5044;26;;;5040.5;289.9453125
0;23100;AMETHYSTS;9996;2;9995;26;;;10004;2;10005;26;;;10000.0;310.0
0;23200;AMETHYSTS;9996;1;9995;24;;;10002;4;10004;1;10005;24;9999.0;310.0
0;23200;STARFRUIT;5037;2;5036;24;;;5043;25;;;;;5040.0;285.53125
0;23300;AMETHYSTS;9996;2;9995;21;;;10004;2;10005;21;;;10000.0;310.0
0;23300;STARFRUIT;5037;2;5036;21;;;5043;2;5044;21;;;5040.0;286.703125
0;23400;STARFRUIT;5037;1;5036;29;;;5043;1;5044;29;;;5040.0;286.9375
0;23400;AMETHYSTS;9996;1;9995;29;;;10004;1;10005;29;;;10000.0;310.0
0;23500;AMETHYSTS;9996;1;9995;30;;;10004;1;10005;30;;;10000.0;310.0
0;23500;STARFRUIT;5038;3;5037;31;;;5044;31;;;;;5041.0;291.625
0;23600;AMETHYSTS;9996;2;9995;25;;;10004;2;10005;25;;;10000.0;310.0
0;23600;STARFRUIT;5037;1;5036;25;;;5043;27;;;;;5040.0;286.2734375
0;23700;AMETHYSTS;9996;1;9995;20;;;10004;1;10005;20;;;10000.0;310.0
0;23700;STARFRUIT;5042;1;5037;21;;;5043;1;5044;20;;;5042.5;287.46875
0;23800;STARFRUIT;5037;22;;;;;5044;22;;;;;5040.5;289.66015625
0;23800;AMETHYSTS;9995;22;;;;;10005;22;;;;;10000.0;310.0
0;23900;AMETHYSTS;9995;27;;;;;10005;27;;;;;10000.0;310.0
0;23900;STARFRUIT;5037;27;;;;;5044;27;;;;;5040.5;289.8125
0;24000;AMETHYSTS;9995;29;;;;;10005;29;;;;;10000.0;310.0
0;24000;STARFRUIT;5038;6;5037;29;;;5044;29;;;;;5041.0;298.7734375
0;24100;AMETHYSTS;9996;2;9995;20;;;10004;2;10005;20;;;10000.0;310.0
0;24100;STARFRUIT;5037;22;;;;;5044;22;;;;;5040.5;297.84375
0;24200;STARFRUIT;5038;24;;;;;5043;8;5044;1;5045;23;5040.5;303.859375
0;24200;AMETHYSTS;9996;1;9995;23;;;10002;7;10004;1;10005;23;9999.0;310.0
0;24300;AMETHYSTS;10002;1;9995;27;;;10005;27;;;;;10003.5;310.0
0;24300;STARFRUIT;5038;26;;;;;5043;5;5045;27;;;5040.5;303.0078125
0;24400;AMETHYSTS;9996;1;9995;28;;;10004;1;10005;28;;;10000.0;312.0
0;24400;STARFRUIT;5038;9;5037;28;;;5044;29;;;;;5041.0;299.78515625
0;24500;AMETHYSTS;9996;2;9995;24;;;10002;10;10004;2;10005;24;9999.0;312.0
0;24500;STARFRUIT;5037;26;;;;;5044;26;;;;;5040.5;293.75390625
0;24600;STARFRUIT;5038;2;5037;22;;;5044;24;;;;;5041.0;299.62109375
0;24600;AMETHYSTS;9996;2;9995;22;;;10002;10;10004;2;10005;22;9999.0;312.0
0;24700;AMETHYSTS;9996;2;9995;20;;;10004;2;10005;20;;;10000.0;312.0
0;24700;STARFRUIT;5037;22;;;;;5044;22;;;;;5040.5;296.01953125
0;24800;AMETHYSTS;9995;28;;;;;10005;28;;;;;10000.0;312.0
0;24800;STARFRUIT;5037;28;;;;;5044;28;;;;;5040.5;296.0078125
0;24900;AMETHYSTS;9998;7;9995;24;;;10005;24;;;;;10001.5;312.0
0;24900;STARFRUIT;5037;24;;;;;5044;24;;;;;5040.5;293.41796875
0;25000;STARFRUIT;5037;28;;;;;5043;1;5044;27;;;5040.0;290.6953125
0;25000;AMETHYSTS;10002;1;9996;1;9995;27;10004;1;10005;27;;;10003.0;312.0
0;25100;AMETHYSTS;9998;8;9996;1;9995;26;10004;1;10005;26;;;10001.0;314.0
0;25100;STARFRUIT;5036;27;;;;;5043;27;;;;;5039.5;285.9296875
0;25200;AMETHYSTS;9996;2;9995;24;;;10000;4;10004;2;10005;24;9998.0;314.0
0;25200;STARFRUIT;5037;6;5036;26;;;5039;4;5043;26;;;5038.0;285.609375
0;25300;STARFRUIT;5036;22;;;;;5042;1;5043;21;;;5039.0;277.9609375
0;25300;AMETHYSTS;9998;9;9996;1;9995;21;10004;1;10005;21;;;10001.0;314.0
0;25400;AMETHYSTS;10002;3;9996;2;9995;27;10004;2;10005;27;;;10003.0;314.0
0;25400;STARFRUIT;5035;29;;;;;5042;29;;;;;5038.5;271.9765625
0;25500;AMETHYSTS;9996;1;9995;23;;;10004;1;10005;23;;;10000.0;320.0
0;25500;STARFRUIT;5036;1;5035;23;;;5040;6;5042;24;;;5038.0;274.296875
0;25600;AMETHYSTS;9995;24;;;;;10005;24;;;;;10000.0;320.0
0;25600;STARFRUIT;5035;24;;;;;5040;6;5042;24;;;5037.5;267.9296875
0;25700;STARFRUIT;5036;1;5035;24;;;5042;1;5043;24;;;5039.0;276.234375
0;25700;AMETHYSTS;9996;1;9995;24;;;10004;1;10005;24;;;10000.0;320.0
0;25800;AMETHYSTS;10002;1;9996;2;9995;27;10004;2;10005;27;;;10003.0;320.0
0;25800;STARFRUIT;5037;29;;;;;5043;2;5044;27;;;5040.0;293.4375
0;25900;AMETHYSTS;9996;2;9995;27;;;10004;2;10005;27;;;10000.0;322.0
0;25900;STARFRUIT;5037;29;;;;;5044;29;;;;;5040.5;299.390625
0;26000;AMETHYSTS;9995;27;;;;;10005;27;;;;;10000.0;322.0
0;26000;STARFRUIT;5042;1;5037;27;;;5044;27;;;;;5043.0;296.4609375
0;26100;STARFRUIT;5042;1;5038;2;5037;25;5043;1;5044;24;;;5042.5;296.9609375
0;26100;AMETHYSTS;10002;1;9998;3;9996;1;10004;1;10005;24;;;10003.0;322.0
0;26200;AMETHYSTS;10002;1;9996;2;9995;27;10004;2;10005;27;;;10003.0;324.0
0;26200;STARFRUIT;5037;29;;;;;5043;2;5044;27;;;5040.0;298.578125
0;26300;AMETHYSTS;9996;1;9995;25;;;10002;1;10004;1;10005;25;9999.0;326.0
0;26300;STARFRUIT;5037;26;;;;;5038;1;5044;26;;;5037.5;307.5703125
0;26400;AMETHYSTS;9995;27;;;;;10005;27;;;;;10000.0;326.0
0;26400;STARFRUIT;5037;27;;;;;5044;27;;;;;5040.5;314.34375
0;26500;STARFRUIT;5038;22;;;;;5044;1;5045;21;;;5041.0;318.421875
0;26500;AMETHYSTS;9996;1;9995;21;;;10004;1;10005;21;;;10000.0;326.0
0;26600;AMETHYSTS;9996;2;9995;29;;;9998;4;10004;2;10005;29;9997.0;326.0
0;26600;STARFRUIT;5037;31;;;;;5044;31;;;;;5040.5;308.1015625
0;26700;AMETHYSTS;9995;26;;;;;10005;26;;;;;10000.0;334.0
0;26700;STARFRUIT;5042;1;5038;8;5037;26;5044;26;;;;;5043.0;306.1796875
0;26800;AMETHYSTS;10002;1;9998;7;9995;20;10005;20;;;;;10003.5;334.0
0;26800;STARFRUIT;5037;20;;;;;5044;20;;;;;5040.5;309.921875
0;26900;STARFRUIT;5037;22;;;;;5044;22;;;;;5040.5;311.296875
0;26900;AMETHYSTS;9995;22;;;;;10005;22;;;;;10000.0;336.0
0;27000;AMETHYSTS;9998;2;9996;1;9995;26;10004;1;10005;26;;;10001.0;336.0
0;27000;STARFRUIT;5037;27;;;;;5042;6;5044;27;;;5039.5;306.09375
0;27100;AMETHYSTS;9996;2;9995;27;;;9998;1;10002;10;10004;2;9997.0;336.0
0;27100;STARFRUIT;5043;1;5037;29;;;5044;29;;;;;5043.5;310.78125
0;27200;AMETHYSTS;9998;3;9996;2;9995;23;10004;2;10005;23;;;10001.0;338.0
0;27200;STARFRUIT;5042;1;5038;7;5037;25;5043;2;5044;23;;;5042.5;307.09375
0;27300;STARFRUIT;5037;25;;;;;5038;1;5044;25;;;5037.5;317.984375
0;27300;AMETHYSTS;9995;25;;;;;10002;8;10005;25;;;9998.5;338.0
0;27400;AMETHYSTS;9996;1;9995;22;;;9998;3;10004;1;10005;22;9997.0;338.0
0;27400;STARFRUIT;5041;6;5039;1;5038;22;5045;23;;;;;5043.0;332.8359375
0;27500;AMETHYSTS;9995;30;;;;;10005;30;;;;;10000.0;344.0
0;27500;STARFRUIT;5038;30;;;;;5045;30;;;;;5041.5;330.40625
0;27600;AMETHYSTS;9996;2;9995;26;;;10002;4;10004;2;10005;26;9999.0;344.0
0;27600;STARFRUIT;5043;1;5039;6;5038;28;5045;28;;;;;5044.0;327.4921875
0;27700;STARFRUIT;5038;32;;;;;5045;32;;;;;5041.5;330.296875
0;27700;AMETHYSTS;9996;2;9995;30;;;10004;2;10005;30;;;10000.0;344.0
0;27800;AMETHYSTS;9998;2;9996;2;9995;20;10004;2;10005;20;;;10001.0;344.0
0;27800;STARFRUIT;5039;5;5038;22;;;5044;2;5045;20;;;5041.5;324.62890625
0;27900;AMETHYSTS;9995;29;;;;;10005;29;;;;;10000.0;344.0
0;27900;STARFRUIT;5038;29;;;;;5043;8;5045;29;;;5040.5;332.4140625
0;28000;AMETHYSTS;9995;22;;;;;10005;22;;;;;10000.0;344.0
0;28000;STARFRUIT;5039;4;5038;22;;;5045;22;;;;;5042.0;329.96875
0;28100;STARFRUIT;5039;21;;;;;5046;21;;;;;5042.5;341.90625
0;28100;AMETHYSTS;9996;1;9995;20;;;10004;1;10005;20;;;10000.0;344.0
0;28200;AMETHYSTS;9995;23;;;;;10005;23;;;;;10000.0;344.0
0;28200;STARFRUIT;5039;23;;;;;5046;23;;;;;5042.5;341.046875
0;28300;AMETHYSTS;9996;2;9995;28;;;10004;2;10005;28;;;10000.0;344.0
0;28300;STARFRUIT;5039;30;;;;;5045;2;5046;28;;;5042.0;338.8125
0;28400;AMETHYSTS;9995;20;;;;;10002;8;10005;20;;;9998.5;344.0
0;28400;STARFRUIT;5039;20;;;;;5046;20;;;;;5042.5;340.5390625
0;28500;STARFRUIT;5039;5;5038;28;;;5045;30;;;;;5042.0;335.28125
0;28500;AMETHYSTS;9996;2;9995;28;;;10004;2;10005;28;;;10000.0;344.0
0;28600;AMETHYSTS;9996;2;9995;26;;;10000;5;10002;5;10004;2;9998.0;344.0
0;28600;STARFRUIT;5039;27;;;;;5042;5;5045;2;5046;26;5040.5;338.46875
0;28700;AMETHYSTS;9998;8;9996;2;9995;22;10004;2;10005;22;;;10001.0;344.0
0;28700;STARFRUIT;5039;23;;;;;5045;2;5046;22;;;5042.0;338.5859375
0;28800;AMETHYSTS;9995;21;;;;;10002;8;10005;21;;;9998.5;344.0
0;28800;STARFRUIT;5038;21;;;;;5046;21;;;;;5042.0;336.8125
0;28900;STARFRUIT;5040;1;5039;23;;;5045;1;5046;22;;;5042.5;339.21875
0;28900;AMETHYSTS;9996;1;9995;22;;;10002;5;10004;1;10005;22;9999.0;344.0
0;29000;AMETHYSTS;10002;1;9996;2;9995;24;10004;2;10005;24;;;10003.0;344.0
0;29000;STARFRUIT;5039;26;;;;;5045;2;5046;24;;;5042.0;339.5546875
0;29100;AMETHYSTS;9995;23;;;;;10002;2;10005;23;;;9998.5;346.0
0;29100;STARFRUIT;5039;23;;;;;5046;23;;;;;5042.5;338.890625
0;29200;AMETHYSTS;9996;1;9995;22;;;10004;1;10005;22;;;10000.0;346.0
0;29200;STARFRUIT;5040;1;5039;22;;;5046;23;;;;;5043.0;348.3515625
0;29300;STARFRUIT;5040;23;;;;;5046;1;5047;22;;;5043.0;352.0390625
0;29300;AMETHYSTS;9996;1;9995;22;;;10004;1;10005;22;;;10000.0;346.0
0;29400;AMETHYSTS;9996;2;9995;23;;;10002;4;10004;2;10005;23;9999.0;346.0
0;29400;STARFRUIT;5039;25;;;;;5046;25;;;;;5042.5;345.1640625
0;29500;AMETHYSTS;9998;6;9995;20;;;10005;20;;;;;10001.5;346.0
0;29500;STARFRUIT;5039;20;;;;;5040;1;5046;20;;;5039.5;348.2578125
0;29600;AMETHYSTS;9996;1;9995;26;;;10000;4;10004;1;10005;26;9998.0;346.0
0;29600;STARFRUIT;5040;1;5039;26;;;5042;4;5046;27;;;5041.0;350.3828125
0;29700;STARFRUIT;5040;23;;;;;5045;8;5046;1;5047;22;5042.5;353.3984375
0;29700;AMETHYSTS;9996;1;9995;22;;;10002;7;10004;1;10005;22;9999.0;346.0
0;29800;STARFRUIT;5045;1;5040;4;5039;25;5047;25;;;;;5046.0;352.921875
0;29800;AMETHYSTS;9995;25;;;;;10005;25;;;;;10000.0;346.0
0;29900;AMETHYSTS;9996;2;9995;30;;;10004;2;10005;30;;;10000.0;346.0
0;29900;STARFRUIT;5040;32;;;;;5047;32;;;;;5043.5;362.703125
0;30000;STARFRUIT;5041;6;5040;23;;;5047;25;;;;;5044.0;365.6484375
0;30000;AMETHYSTS;9998;10;9996;2;9995;23;10004;2;10005;23;;;10001.0;346.0
0;30100;STARFRUIT;5041;1;5040;20;;;5047;21;;;;;5044.0;365.78125
0;30100;AMETHYSTS;9996;1;9995;20;;;10004;1;10005;20;;;10000.0;346.0
0;30200;STARFRUIT;5041;30;;;;;5048;30;;;;;5044.5;371.390625
0;30200;AMETHYSTS;9996;2;9995;28;;;9998;1;10002;8;10004;2;9997.0;346.0
0;30300;AMETHYSTS;10002;4;9996;2;9995;29;10004;2;10005;29;;;10003.0;348.0
0;30300;STARFRUIT;5041;31;;;;;5046;1;5047;2;5048;29;5043.5;369.03125
0;30400;STARFRUIT;5045;2;5040;30;;;5047;30;;;;;5046.0;361.8828125
0;30400;AMETHYSTS;9995;30;;;;;10005;30;;;;;10000.0;356.0
0;30500;STARFRUIT;5040;7;5039;28;;;5046;30;;;;;5043.0;358.01171875
0;30500;AMETHYSTS;9996;2;9995;28;;;10004;2;10005;28;;;10000.0;356.0
0;30600;STARFRUIT;5040;32;;;;;5045;7;5046;2;5047;30;5042.5;359.859375
0;30600;AMETHYSTS;10002;1;9996;2;9995;30;10004;2;10005;30;;;10003.0;356.0
0;30700;AMETHYSTS;9996;2;9995;27;;;10004;2;10005;27;;;10000.0;358.0
0;30700;STARFRUIT;5039;29;;;;;5046;29;;;;;5042.5;355.609375
0;30800;STARFRUIT;5039;2;5038;29;;;5045;31;;;;;5042.0;347.5078125
0;30800;AMETHYSTS;9998;8;9996;2;9995;29;10004;2;10005;29;;;10001.0;358.0
0;30900;STARFRUIT;5038;21;;;;;5043;7;5045;21;;;5040.5;346.796875
0;30900;AMETHYSTS;9995;21;;;;;10005;21;;;;;10000.0;358.0
0;31000;STARFRUIT;5043;1;5042;5;5038;28;5045;28;;;;;5044.0;340.77734375
0;31000;AMETHYSTS;9996;2;9995;26;;;10002;2;10004;2;10005;26;9999.0;358.0
0;31100;AMETHYSTS;10002;1;9995;23;;;10005;23;;;;;10003.5;358.0
0;31100;STARFRUIT;5038;23;;;;;5039;9;5045;23;;;5038.5;343.2109375
0;31200;STARFRUIT;5037;21;;;;;5042;8;5044;22;;;5039.5;354.8125
0;31200;AMETHYSTS;9996;1;9995;21;;;10002;6;10004;1;10005;21;9999.0;360.0
0;31300;STARFRUIT;5038;22;;;;;5044;2;5045;20;;;5041.0;358.7421875
0;31300;AMETHYSTS;9996;2;9995;20;;;10004;2;10005;20;;;10000.0;360.0
0;31400;STARFRUIT;5038;22;;;;;5045;22;;;;;5041.5;364.53125
0;31400;AMETHYSTS;9995;22;;;;;10005;22;;;;;10000.0;360.0
0;31500;AMETHYSTS;9996;1;9995;21;;;10004;1;10005;21;;;10000.0;360.0
0;31500;STARFRUIT;5038;22;;;;;5045;22;;;;;5041.5;365.03125
0;31600;STARFRUIT;5039;24;;;;;5046;24;;;;;5042.5;381.2109375
0;31600;AMETHYSTS;9995;24;;;;;9998;3;10005;24;;;9996.5;360.0
0;31700;STARFRUIT;5038;29;;;;;5045;29;;;;;5041.5;372.0859375
0;31700;AMETHYSTS;9995;29;;;;;10002;3;10005;29;;;9998.5;366.0
0;31800;STARFRUIT;5043;2;5038;24;;;5045;24;;;;;5044.0;367.1328125
0;31800;AMETHYSTS;9996;2;9995;22;;;10002;2;10004;2;10005;22;9999.0;366.0
0;31900;AMETHYSTS;9996;2;9995;26;;;10004;2;10005;26;;;10000.0;366.0
0;31900;STARFRUIT;5039;6;5038;28;;;5045;28;;;;;5042.0;371.46875
0;32000;STARFRUIT;5038;22;;;;;5045;22;;;;;5041.5;366.6953125
0;32000;AMETHYSTS;9996;2;9995;20;;;10002;10;10004;2;10005;20;9999.0;366.0
0;32100;AMETHYSTS;9998;9;9995;25;;;10005;25;;;;;10001.5;366.0
0;32100;STARFRUIT;5037;25;;;;;5044;25;;;;;5040.5;357.2421875
0;32200;AMETHYSTS;9996;1;9995;24;;;10002;5;10004;1;10005;24;9999.0;366.0
0;32200;STARFRUIT;5037;25;;;;;5044;25;;;;;5040.5;354.265625
0;32300;AMETHYSTS;10000;3;9996;2;9995;30;10004;2;10005;30;;;10002.0;366.0
0;32300;STARFRUIT;5040;3;5038;2;5037;30;5044;32;;;;;5042.0;358.8984375
0;32400;STARFRUIT;5037;29;;;;;5044;29;;;;;5040.5;353.625
0;32400;AMETHYSTS;9998;2;9995;29;;;10005;29;;;;;10001.5;366.0
0;32500;AMETHYSTS;10002;1;9996;2;9995;24;10004;2;10005;24;;;10003.0;366.0
0;32500;STARFRUIT;5038;1;5037;26;;;5043;2;5044;24;;;5040.5;344.7109375
0;32600;AMETHYSTS;9998;1;9996;2;9995;26;10004;2;10005;26;;;10001.0;368.0
0;32600;STARFRUIT;5037;28;;;;;5044;28;;;;;5040.5;351.6953125
0;32700;AMETHYSTS;9996;2;9995;30;;;10004;2;10005;30;;;10000.0;368.0
0;32700;STARFRUIT;5038;32;;;;;5044;2;5045;30;;;5041.0;363.3125
0;32800;STARFRUIT;5038;29;;;;;5045;29;;;;;5041.5;365.390625
0;32800;AMETHYSTS;9995;29;;;;;10005;29;;;;;10000.0;368.0
0;32900;AMETHYSTS;9996;1;9995;20;;;10002;10;10004;1;10005;20;9999.0;368.0
0;32900;STARFRUIT;5038;1;5037;20;;;5044;21;;;;;5041.0;357.609375
0;33000;AMETHYSTS;9998;2;9995;28;;;10005;28;;;;;10001.5;368.0
0;33000;STARFRUIT;5037;28;;;;;5042;4;5044;28;;;5039.5;360.171875
0;33100;AMETHYSTS;9996;1;9995;25;;;10004;1;10005;25;;;10000.0;368.0
0;33100;STARFRUIT;5037;26;;;;;5044;26;;;;;5040.5;356.59375
0;33200;STARFRUIT;5038;24;;;;;5043;5;5044;1;5045;23;5040.5;364.3125
0;33200;AMETHYSTS;9996;1;9995;23;;;10004;1;10005;23;;;10000.0;368.0
0;33300;AMETHYSTS;9996;1;9995;30;;;10002;1;10004;1;10005;30;9999.0;368.0
0;33300;STARFRUIT;5038;31;;;;;5045;31;;;;;5041.5;367.6796875
0;33400;AMETHYSTS;9995;20;;;;;10005;20;;;;;10000.0;368.0
0;33400;STARFRUIT;5037;20;;;;;5042;2;5044;20;;;5039.5;358.8984375
0;33500;AMETHYSTS;9996;2;9995;21;;;10002;4;10004;2;10005;21;9999.0;368.0
0;33500;STARFRUIT;5038;2;5037;21;;;5044;23;;;;;5041.0;359.4296875
0;33600;STARFRUIT;5037;27;;;;;5044;27;;;;;5040.5;346.4140625
0;33600;AMETHYSTS;9995;27;;;;;9998;2;10005;27;;;9996.5;368.0
0;33700;AMETHYSTS;9996;1;9995;25;;;10004;1;10005;25;;;10000.0;372.0
0;33700;STARFRUIT;5037;1;5036;25;;;5041;6;5043;26;;;5039.0;340.578125
0;33800;AMETHYSTS;9995;21;;;;;10002;4;10005;21;;;9998.5;372.0
0;33800;STARFRUIT;5036;21;;;;;5043;21;;;;;5039.5;332.359375
0;33900;AMETHYSTS;9996;1;9995;27;;;10004;1;10005;27;;;10000.0;372.0
0;33900;STARFRUIT;5035;28;;;;;5042;28;;;;;5038.5;322.5625
0;34000;STARFRUIT;5041;1;5036;2;5035;28;5042;30;;;;;5041.5;325.390625
0;34000;AMETHYSTS;9996;2;9995;28;;;10004;2;10005;28;;;10000.0;372.0
0;34100;AMETHYSTS;9996;2;9995;25;;;10004;2;10005;25;;;10000.0;372.0
0;34100;STARFRUIT;5036;2;5035;25;;;5042;27;;;;;5039.0;325.8125
0;34200;AMETHYSTS;9996;2;9995;30;;;10002;2;10004;2;10005;30;9999.0;372.0
0;34200;STARFRUIT;5036;32;;;;;5043;32;;;;;5039.5;341.140625
0;34300;STARFRUIT;5036;28;;;;;5043;29;;;;;5039.5;336.1640625
0;34300;AMETHYSTS;9996;1;9995;28;;;10004;1;10005;28;;;10000.0;372.0
0;34400;AMETHYSTS;9996;2;9995;28;;;10004;2;10005;28;;;10000.0;372.0
0;34400;STARFRUIT;5036;30;;;;;5043;30;;;;;5039.5;338.7109375
0;34500;AMETHYSTS;9996;2;9995;22;;;10004;2;10005;22;;;10000.0;372.0
0;34500;STARFRUIT;5037;24;;;;;5044;24;;;;;5040.5;351.328125
0;34600;AMETHYSTS;9995;24;;;;;10005;24;;;;;10000.0;372.0
0;34600;STARFRUIT;5037;24;;;;;5044;24;;;;;5040.5;345.53125
0;34700;STARFRUIT;5037;7;5036;25;;;5043;25;;;;;5040.0;339.1484375
0;34700;AMETHYSTS;9996;2;9995;23;;;10004;2;10005;23;;;10000.0;372.0
0;34800;AMETHYSTS;9998;3;9996;2;9995;22;10004;2;10005;22;;;10001.0;372.0
0;34800;STARFRUIT;5036;22;;;;;5037;8;5043;24;;;5036.5;342.0625
0;34900;AMETHYSTS;9995;24;;;;;10005;24;;;;;10000.0;372.0
0;34900;STARFRUIT;5037;24;;;;;5044;24;;;;;5040.5;364.6875
0;35000;AMETHYSTS;9995;29;;;;;10005;29;;;;;10000.0;372.0
0;35000;STARFRUIT;5037;29;;;;;5044;29;;;;;5040.5;365.046875
0;35100;STARFRUIT;5037;23;;;;;5044;23;;;;;5040.5;362.5859375
0;35100;AMETHYSTS;9996;2;9995;21;;;10004;2;10005;21;;;10000.0;372.0
0;35200;AMETHYSTS;9995;24;;;;;10005;24;;;;;10000.0;372.0
0;35200;STARFRUIT;5037;24;;;;;5042;3;5044;24;;;5039.5;367.078125
0;35300;AMETHYSTS;9998;8;9996;1;9995;22;10004;1;10005;22;;;10001.0;372.0
0;35300;STARFRUIT;5038;8;5037;23;;;5044;23;;;;;5041.0;364.3515625
0;35400;AMETHYSTS;10002;1;9996;2;9995;25;10004;2;10005;25;;;10003.0;372.0
0;35400;STARFRUIT;5037;27;;;;;5044;27;;;;;5040.5;372.1484375
0;35500;STARFRUIT;5037;29;;;;;5044;29;;;;;5040.5;364.1171875
0;35500;AMETHYSTS;9996;2;9995;27;;;10004;2;10005;27;;;10000.0;374.0
0;35600;AMETHYSTS;9996;1;9995;23;;;10002;3;10004;1;10005;23;9999.0;374.0
0;35600;STARFRUIT;5038;1;5037;23;;;5044;24;;;;;5041.0;373.46875
0;35700;AMETHYSTS;9996;2;9995;29;;;10002;9;10004;2;10005;29;9999.0;374.0
0;35700;STARFRUIT;5037;31;;;;;5044;31;;;;;5040.5;372.1640625
0;35800;AMETHYSTS;9996;2;9995;21;;;10004;2;10005;21;;;10000.0;374.0
0;35800;STARFRUIT;5037;8;5036;21;;;5043;2;5044;21;;;5040.0;357.0078125
0;35900;STARFRUIT;5036;30;;;;;5043;30;;;;;5039.5;343.75
0;35900;AMETHYSTS;9996;2;9995;28;;;10004;2;10005;28;;;10000.0;374.0
0;36000;AMETHYSTS;9995;30;;;;;10000;2;10002;9;10005;30;9997.5;374.0
0;36000;STARFRUIT;5036;30;;;;;5039;2;5041;2;5043;30;5037.5;343.703125
0;36100;AMETHYSTS;9998;7;9996;2;9995;21;10004;2;10005;21;;;10001.0;374.0
0;36100;STARFRUIT;5036;23;;;;;5041;6;5043;23;;;5038.5;345.6875
0;36200;AMETHYSTS;9998;5;9996;1;9995;29;10004;1;10005;29;;;10001.0;374.0
0;36200;STARFRUIT;5036;1;5035;29;;;5042;30;;;;;5039.0;333.8046875
0;36300;STARFRUIT;5035;31;;;;;5042;31;;;;;5038.5;332.078125
0;36300;AMETHYSTS;9996;1;9995;30;;;10004;1;10005;30;;;10000.0;374.0
0;36400;AMETHYSTS;9996;1;9995;28;;;10002;8;10004;1;10005;28;9999.0;374.0
0;36400;STARFRUIT;5036;2;5035;28;;;5042;29;;;;;5039.0;334.171875
0;36500;AMETHYSTS;9996;2;9995;27;;;10004;2;10005;27;;;10000.0;374.0
0;36500;STARFRUIT;5035;28;;;;;5042;29;;;;;5038.5;327.1640625
0;36600;AMETHYSTS;9996;1;9995;30;;;10000;2;10004;1;10005;30;9998.0;374.0
0;36600;STARFRUIT;5035;31;;;;;5038;2;5042;31;;;5036.5;321.9609375
0;36700;STARFRUIT;5035;22;;;;;5042;22;;;;;5038.5;325.96875
0;36700;AMETHYSTS;10002;1;9996;1;9995;21;10004;1;10005;21;;;10003.0;374.0
0;36800;AMETHYSTS;9996;2;9995;23;;;10004;2;10005;23;;;10000.0;376.0
0;36800;STARFRUIT;5035;25;;;;;5042;25;;;;;5038.5;331.1328125
0;36900;AMETHYSTS;9998;6;9995;22;;;10005;22;;;;;10001.5;376.0
0;36900;STARFRUIT;5035;22;;;;;5042;22;;;;;5038.5;330.8203125
0;37000;AMETHYSTS;9996;2;9995;20;;;10004;2;10005;20;;;10000.0;376.0
0;37000;STARFRUIT;5036;2;5035;20;;;5042;22;;;;;5039.0;333.359375
0;37100;STARFRUIT;5039;5;5036;24;;;5043;24;;;;;5041.0;338.1640625
0;37100;AMETHYSTS;10000;5;9995;24;;;10005;24;;;;;10002.5;376.0
0;37200;AMETHYSTS;9996;2;9995;27;;;10004;2;10005;27;;;10000.0;376.0
0;37200;STARFRUIT;5037;2;5036;27;;;5043;29;;;;;5040.0;355.03125
0;37300;AMETHYSTS;9996;1;9995;22;;;10004;1;10005;22;;;10000.0;376.0
0;37300;STARFRUIT;5037;23;;;;;5042;4;5044;23;;;5039.5;367.8203125
0;37400;AMETHYSTS;9995;22;;;;;10005;22;;;;;10000.0;376.0
0;37400;STARFRUIT;5038;4;5037;22;;;5044;22;;;;;5041.0;374.34375
0;37500;STARFRUIT;5040;5;5037;31;;;5044;31;;;;;5042.0;372.2265625
0;37500;AMETHYSTS;10000;5;9996;1;9995;30;10004;1;10005;30;;;10002.0;376.0
0;37600;AMETHYSTS;9996;1;9995;24;;;10004;1;10005;24;;;10000.0;376.0
0;37600;STARFRUIT;5037;25;;;;;5042;5;5044;25;;;5039.5;366.96875
0;37700;AMETHYSTS;10002;1;9995;20;;;10005;20;;;;;10003.5;376.0
0;37700;STARFRUIT;5037;20;;;;;5044;20;;;;;5040.5;358.71875
0;37800;AMETHYSTS;9996;2;9995;23;;;10004;2;10005;23;;;10000.0;378.0
0;37800;STARFRUIT;5037;25;;;;;5043;2;5044;23;;;5040.0;360.3984375
0;37900;STARFRUIT;5038;29;;;;;5044;2;5045;27;;;5041.0;378.984375
0;37900;AMETHYSTS;9996;2;9995;27;;;10004;2;10005;27;;;10000.0;378.0
0;38000;AMETHYSTS;9998;3;9995;30;;;10005;30;;;;;10001.5;378.0
0;38000;STARFRUIT;5038;30;;;;;5045;30;;;;;5041.5;383.46875
0;38100;AMETHYSTS;9998;4;9996;1;9995;28;10004;1;10005;28;;;10001.0;378.0
0;38100;STARFRUIT;5038;29;;;;;5043;4;5045;29;;;5040.5;382.296875
0;38200;AMETHYSTS;9998;4;9996;2;9995;29;10004;2;10005;29;;;10001.0;378.0
0;38200;STARFRUIT;5039;2;5038;29;;;5045;31;;;;;5042.0;396.4140625
0;38300;STARFRUIT;5040;5;5039;22;;;5046;22;;;;;5043.0;405.875
0;38300;AMETHYSTS;9995;22;;;;;10005;22;;;;;10000.0;378.0
0;38400;AMETHYSTS;9996;2;9995;29;;;10004;2;10005;29;;;10000.0;378.0
0;38400;STARFRUIT;5039;31;;;;;5040;4;5046;31;;;5039.5;404.21875
0;38500;AMETHYSTS;9996;2;9995;22;;;10004;2;10005;22;;;10000.0;378.0
0;38500;STARFRUIT;5038;24;;;;;5045;24;;;;;5041.5;388.2109375
0;38600;STARFRUIT;5038;31;;;;;5044;2;5045;29;;;5041.0;381.28125
0;38600;AMETHYSTS;10002;1;9996;2;9995;29;10004;2;10005;29;;;10003.0;378.0
0;38700;STARFRUIT;5038;1;5037;20;;;5044;22;;;;;5041.0;373.390625
0;38700;AMETHYSTS;9996;2;9995;20;;;10004;2;10005;20;;;10000.0;380.0
0;38800;STARFRUIT;5038;27;;;;;5043;2;5044;2;5045;25;5040.5;381.2109375
0;38800;AMETHYSTS;9996;2;9995;25;;;10004;2;10005;25;;;10000.0;380.0
0;38900;AMETHYSTS;9996;2;9995;23;;;10004;2;10005;23;;;10000.0;380.0
0;38900;STARFRUIT;5038;25;;;;;5045;25;;;;;5041.5;385.6015625
0;39000;STARFRUIT;5039;1;5038;23;;;5041;3;5044;6;5045;1;5040.0;396.6875
0;39000;AMETHYSTS;9996;1;9995;23;;;10000;3;10004;1;10005;23;9998.0;380.0
0;39100;STARFRUIT;5039;8;5038;30;;;5045;30;;;;;5042.0;392.03125
0;39100;AMETHYSTS;9996;2;9995;28;;;9998;3;10004;2;10005;28;9997.0;380.0
0;39200;STARFRUIT;5039;5;5038;21;;;5041;4;5045;21;;;5040.0;395.0390625
0;39200;AMETHYSTS;9995;21;;;;;10000;4;10005;21;;;9997.5;386.0
0;39300;AMETHYSTS;9995;24;;;;;10005;24;;;;;10000.0;386.0
0;39300;STARFRUIT;5038;24;;;;;5045;24;;;;;5041.5;387.125
0;39400;STARFRUIT;5038;21;;;;;5045;21;;;;;5041.5;380.296875
0;39400;AMETHYSTS;9995;21;;;;;10005;21;;;;;10000.0;386.0
0;39500;STARFRUIT;5038;29;;;;;5043;3;5045;29;;;5040.5;384.5
0;39500;AMETHYSTS;9995;29;;;;;10005;29;;;;;10000.0;386.0
0;39600;STARFRUIT;5038;31;;;;;5045;31;;;;;5041.5;385.5859375
0;39600;AMETHYSTS;9996;1;9995;30;;;10004;1;10005;30;;;10000.0;386.0
0;39700;AMETHYSTS;9996;1;9995;29;;;10000;6;10004;1;10005;29;9998.0;386.0
0;39700;STARFRUIT;5038;29;;;;;5041;6;5045;30;;;5039.5;394.1015625
0;39800;STARFRUIT;5038;24;;;;;5044;2;5045;22;;;5041.0;381.03125
0;39800;AMETHYSTS;9996;2;9995;22;;;9998;1;10004;2;10005;22;9997.0;386.0
0;39900;STARFRUIT;5038;29;;;;;5043;7;5045;29;;;5040.5;383.84375
0;39900;AMETHYSTS;9998;10;9996;1;9995;28;10004;1;10005;28;;;10001.0;388.0
0;40000;STARFRUIT;5037;26;;;;;5044;26;;;;;5040.5;369.375
0;40000;AMETHYSTS;10002;11;9996;1;9995;25;10004;1;10005;25;;;10003.0;388.0
0;40100;AMETHYSTS;9995;30;;;;;10005;30;;;;;10000.0;410.0
0;40100;STARFRUIT;5037;30;;;;;5042;4;5044;30;;;5039.5;367.046875
0;40200;STARFRUIT;5037;25;;;;;5044;25;;;;;5040.5;363.4921875
0;40200;AMETHYSTS;9996;1;9995;24;;;10002;7;10004;1;10005;24;9999.0;410.0
0;40300;STARFRUIT;5037;1;5036;29;;;5043;30;;;;;5040.0;354.90625
0;40300;AMETHYSTS;10002;4;9996;1;9995;29;10004;1;10005;29;;;10003.0;410.0
0;40400;STARFRUIT;5037;25;;;;;5043;2;5044;23;;;5040.0;360.9921875
0;40400;AMETHYSTS;9996;2;9995;23;;;10004;2;10005;23;;;10000.0;418.0
0;40500;AMETHYSTS;9996;1;9995;21;;;10004;1;10005;21;;;10000.0;418.0
0;40500;STARFRUIT;5037;22;;;;;5044;22;;;;;5040.5;363.71875
0;40600;STARFRUIT;5037;28;;;;;5045;28;;;;;5041.0;377.125
0;40600;AMETHYSTS;10002;1;9995;28;;;10005;28;;;;;10003.5;418.0
0;40700;STARFRUIT;5044;1;5039;6;5038;30;5045;30;;;;;5044.5;387.25
0;40700;AMETHYSTS;9998;10;9996;1;9995;29;10004;1;10005;29;;;10001.0;420.0
0;40800;STARFRUIT;5038;21;;;;;5045;21;;;;;5041.5;391.7265625
0;40800;AMETHYSTS;9995;21;;;;;10005;21;;;;;10000.0;420.0
0;40900;AMETHYSTS;9998;2;9995;25;;;10005;25;;;;;10001.5;420.0
0;40900;STARFRUIT;5040;3;5039;25;;;5046;25;;;;;5043.0;404.125
0;41000;STARFRUIT;5039;21;;;;;5042;2;5044;7;5045;1;5040.5;403.2421875
0;41000;AMETHYSTS;9998;10;9996;1;9995;20;10000;2;10004;1;10005;20;9999.0;420.0
0;41100;AMETHYSTS;9996;2;9995;23;;;10004;2;10005;23;;;10000.0;420.0
0;41100;STARFRUIT;5038;25;;;;;5045;25;;;;;5041.5;393.015625
0;41200;AMETHYSTS;9995;20;;;;;10005;20;;;;;10000.0;420.0
0;41200;STARFRUIT;5038;20;;;;;5046;20;;;;;5042.0;398.5703125
0;41300;AMETHYSTS;9995;27;;;;;10005;27;;;;;10000.0;420.0
0;41300;STARFRUIT;5039;8;5038;27;;;5045;27;;;;;5042.0;393.3671875
0;41400;STARFRUIT;5039;30;;;;;5046;30;;;;;5042.5;406.46875
0;41400;AMETHYSTS;9996;1;9995;29;;;10004;1;10005;29;;;10000.0;420.0
0;41500;AMETHYSTS;9996;2;9995;29;;;10004;2;10005;29;;;10000.0;420.0
0;41500;STARFRUIT;5039;9;5038;29;;;5045;31;;;;;5042.0;397.8515625
0;41600;AMETHYSTS;9995;26;;;;;10005;26;;;;;10000.0;420.0
0;41600;STARFRUIT;5038;26;;;;;5045;26;;;;;5041.5;394.5859375
0;41700;AMETHYSTS;9995;23;;;;;10005;23;;;;;10000.0;420.0
0;41700;STARFRUIT;5042;2;5038;23;;;5045;23;;;;;5043.5;387.2109375
0;41800;STARFRUIT;5038;21;;;;;5044;1;5045;21;;;5041.0;382.875
0;41800;AMETHYSTS;9996;1;9995;21;;;10004;1;10005;21;;;10000.0;420.0
0;41900;AMETHYSTS;9995;28;;;;;10002;8;10005;28;;;9998.5;420.0
0;41900;STARFRUIT;5038;28;;;;;5045;28;;;;;5041.5;387.8046875
0;42000;AMETHYSTS;9996;1;9995;27;;;9998;1;10004;1;10005;27;9997.0;420.0
0;42000;STARFRUIT;5038;1;5037;27;;;5044;28;;;;;5041.0;378.890625
0;42100;AMETHYSTS;10002;2;9995;22;;;10005;22;;;;;10003.5;422.0
0;42100;STARFRUIT;5039;7;5038;22;;;5045;22;;;;;5042.0;383.6171875
0;42200;STARFRUIT;5038;22;;;;;5045;22;;;;;5041.5;396.9296875
0;42200;AMETHYSTS;9995;22;;;;;10005;22;;;;;10000.0;426.0
0;42300;AMETHYSTS;9996;2;9995;20;;;10004;2;10005;20;;;10000.0;426.0
0;42300;STARFRUIT;5039;22;;;;;5045;2;5046;20;;;5042.0;401.5625
0;42400;AMETHYSTS;9996;2;9995;26;;;10002;2;10004;2;10005;26;9999.0;426.0
0;42400;STARFRUIT;5038;28;;;;;5045;28;;;;;5041.5;389.6015625
0;42500;AMETHYSTS;9995;24;;;;;10005;24;;;;;10000.0;426.0
0;42500;STARFRUIT;5038;24;;;;;5043;2;5045;24;;;5040.5;388.46875
0;42600;STARFRUIT;5043;1;5038;28;;;5045;28;;;;;5044.0;384.015625
0;42600;AMETHYSTS;9995;28;;;;;10005;28;;;;;10000.0;426.0
0;42700;AMETHYSTS;9996;1;9995;23;;;10004;1;10005;23;;;10000.0;426.0
0;42700;STARFRUIT;5038;24;;;;;5044;1;5045;23;;;5041.0;385.5234375
0;42800;AMETHYSTS;9995;29;;;;;10000;2;10005;29;;;9997.5;426.0
0;42800;STARFRUIT;5038;29;;;;;5041;2;5045;29;;;5039.5;386.3671875
0;42900;AMETHYSTS;10002;5;9995;20;;;10005;20;;;;;10003.5;426.0
0;42900;STARFRUIT;5038;20;;;;;5045;20;;;;;5041.5;389.171875
0;43000;STARFRUIT;5038;27;;;;;5045;27;;;;;5041.5;388.5546875
0;43000;AMETHYSTS;9996;1;9995;26;;;10002;6;10004;1;10005;26;9999.0;436.0
0;43100;AMETHYSTS;9998;9;9996;1;9995;24;10004;1;10005;24;;;10001.0;436.0
0;43100;STARFRUIT;5038;25;;;;;5045;25;;;;;5041.5;393.7265625
0;43200;AMETHYSTS;9996;2;9995;29;;;10002;5;10004;2;10005;29;9999.0;436.0
0;43200;STARFRUIT;5038;31;;;;;5045;31;;;;;5041.5;390.8203125
0;43300;STARFRUIT;5043;1;5037;20;;;5044;20;;;;;5043.5;375.3125
0;43300;AMETHYSTS;9998;10;9995;20;;;10005;20;;;;;10001.5;436.0
0;43400;AMETHYSTS;9996;2;9995;22;;;10004;2;10005;22;;;10000.0;436.0
0;43400;STARFRUIT;5037;24;;;;;5043;2;5044;22;;;5040.0;369.171875
0;43500;AMETHYSTS;9996;1;9995;24;;;10002;7;10004;1;10005;24;9999.0;436.0
0;43500;STARFRUIT;5037;6;5036;25;;;5043;25;;;;;5040.0;358.5546875
0;43600;AMETHYSTS;9995;22;;;;;10002;5;10005;22;;;9998.5;436.0
0;43600;STARFRUIT;5036;22;;;;;5041;1;5043;22;;;5038.5;357.421875
0;43700;STARFRUIT;5037;1;5036;29;;;5043;30;;;;;5040.0;360.859375
0;43700;AMETHYSTS;9996;1;9995;29;;;10002;6;10004;1;10005;29;9999.0;436.0
0;43800;AMETHYSTS;9996;1;9995;22;;;10004;1;10005;22;;;10000.0;436.0
0;43800;STARFRUIT;5036;23;;;;;5043;23;;;;;5039.5;358.984375
0;43900;AMETHYSTS;9996;2;9995;24;;;10002;2;10004;2;10005;24;9999.0;436.0
0;43900;STARFRUIT;5037;6;5036;26;;;5043;26;;;;;5040.0;353.4140625
0;44000;AMETHYSTS;10002;4;9998;10;9996;2;10004;2;10005;25;;;10003.0;436.0
0;44000;STARFRUIT;5036;27;;;;;5043;27;;;;;5039.5;351.78125
0;44100;STARFRUIT;5036;24;;;;;5041;4;5042;2;5043;22;5038.5;349.015625
0;44100;AMETHYSTS;9996;2;9995;22;;;10004;2;10005;22;;;10000.0;444.0
0;44200;AMETHYSTS;9995;24;;;;;10005;24;;;;;10000.0;444.0
0;44200;STARFRUIT;5036;24;;;;;5043;24;;;;;5039.5;356.6796875
0;44300;AMETHYSTS;9996;2;9995;24;;;9998;2;10004;2;10005;24;9997.0;444.0
0;44300;STARFRUIT;5036;26;;;;;5042;2;5043;24;;;5039.0;350.015625
0;44400;AMETHYSTS;9996;1;9995;25;;;10002;7;10004;1;10005;25;9999.0;448.0
0;44400;STARFRUIT;5037;1;5036;26;;;5043;26;;;;;5040.0;351.96875
0;44500;STARFRUIT;5036;30;;;;;5043;30;;;;;5039.5;351.65625
0;44500;AMETHYSTS;9995;30;;;;;10005;30;;;;;10000.0;448.0
0;44600;AMETHYSTS;9996;1;9995;21;;;10004;1;10005;21;;;10000.0;448.0
0;44600;STARFRUIT;5037;22;;;;;5043;1;5044;21;;;5040.0;365.7734375
0;44700;AMETHYSTS;9996;2;9995;25;;;10004;2;10005;25;;;10000.0;448.0
0;44700;STARFRUIT;5037;27;;;;;5042;6;5044;27;;;5039.5;372.21875
0;44800;AMETHYSTS;9995;25;;;;;10005;25;;;;;10000.0;448.0
0;44800;STARFRUIT;5037;25;;;;;5042;3;5044;25;;;5039.5;365.8984375
0;44900;STARFRUIT;5037;2;5036;21;;;5043;23;;;;;5040.0;363.6484375
0;44900;AMETHYSTS;9996;2;9995;21;;;10004;2;10005;21;;;10000.0;448.0
0;45000;AMETHYSTS;9996;1;9995;27;;;10004;1;10005;27;;;10000.0;448.0
0;45000;STARFRUIT;5036;28;;;;;5037;1;5043;28;;;5036.5;357.046875
0;45100;AMETHYSTS;9995;27;;;;;9998;1;10005;27;;;9996.5;448.0
0;45100;STARFRUIT;5036;27;;;;;5043;27;;;;;5039.5;364.640625
0;45200;AMETHYSTS;10002;1;9996;1;9995;20;10004;1;10005;20;;;10003.0;450.0
0;45200;STARFRUIT;5036;20;;;;;5043;1;5044;20;;;5039.5;367.6171875
0;45300;STARFRUIT;5037;22;;;;;5044;23;;;;;5040.5;376.4375
0;45300;AMETHYSTS;9995;23;;;;;10005;23;;;;;10000.0;452.0
0;45400;AMETHYSTS;9998;4;9995;25;;;10005;25;;;;;10001.5;452.0
0;45400;STARFRUIT;5037;25;;;;;5044;25;;;;;5040.5;380.5703125
0;45500;AMETHYSTS;9996;1;9995;20;;;9998;3;10004;1;10005;20;9997.0;452.0
0;45500;STARFRUIT;5036;21;;;;;5037;3;5043;21;;;5036.5;353.7421875
0;45600;AMETHYSTS;9996;1;9995;23;;;10004;1;10005;23;;;10000.0;458.0
0;45600;STARFRUIT;5037;1;5036;23;;;5041;6;5043;24;;;5039.0;363.4609375
0;45700;STARFRUIT;5037;2;5036;21;;;5043;23;;;;;5040.0;364.5
0;45700;AMETHYSTS;10002;1;9996;2;9995;21;10004;2;10005;21;;;10003.0;458.0
0;45800;AMETHYSTS;10000;5;9998;7;9996;2;10004;2;10005;30;;;10002.0;460.0
0;45800;STARFRUIT;5040;5;5037;32;;;5044;32;;;;;5042.0;376.359375
0;45900;AMETHYSTS;9998;8;9996;1;9995;25;10004;1;10005;25;;;10001.0;460.0
0;45900;STARFRUIT;5037;25;;;;;5044;26;;;;;5040.5;382.625
0;46000;AMETHYSTS;9995;23;;;;;9998;1;10005;23;;;9996.5;460.0
0;46000;STARFRUIT;5037;23;;;;;5044;23;;;;;5040.5;378.9765625
0;46100;STARFRUIT;5039;4;5038;25;;;5045;25;;;;;5042.0;386.0234375
0;46100;AMETHYSTS;9995;25;;;;;10005;25;;;;;10000.0;462.0
0;46200;AMETHYSTS;9995;24;;;;;10005;24;;;;;10000.0;462.0
0;46200;STARFRUIT;5039;4;5038;24;;;5045;24;;;;;5042.0;387.109375
0;46300;AMETHYSTS;9996;2;9995;26;;;10004;2;10005;26;;;10000.0;462.0
0;46300;STARFRUIT;5039;2;5038;26;;;5045;28;;;;;5042.0;397.1953125
0;46400;AMETHYSTS;9995;24;;;;;10005;24;;;;;10000.0;462.0
0;46400;STARFRUIT;5044;1;5038;24;;;5045;24;;;;;5044.5;393.4453125
0;46500;STARFRUIT;5042;2;5038;30;;;5045;30;;;;;5043.5;390.7265625
0;46500;AMETHYSTS;9996;1;9995;29;;;9998;1;10004;1;10005;29;9997.0;462.0
0;46600;AMETHYSTS;9998;1;9995;28;;;10005;28;;;;;10001.5;464.0
0;46600;STARFRUIT;5044;1;5040;4;5039;28;5046;28;;;;;5045.0;401.3046875
0;46700;AMETHYSTS;9996;1;9995;29;;;10004;1;10005;29;;;10000.0;464.0
0;46700;STARFRUIT;5038;30;;;;;5045;30;;;;;5041.5;397.7109375
0;46800;AMETHYSTS;9995;25;;;;;10005;25;;;;;10000.0;464.0
0;46800;STARFRUIT;5038;25;;;;;5045;25;;;;;5041.5;399.734375
0;46900;STARFRUIT;5039;30;;;;;5040;10;5045;1;5046;29;5039.5;403.5703125
0;46900;AMETHYSTS;9996;1;9995;29;;;10002;3;10004;1;10005;29;9999.0;464.0
0;47000;AMETHYSTS;9996;1;9995;22;;;10004;1;10005;22;;;10000.0;464.0
0;47000;STARFRUIT;5039;23;;;;;5045;1;5046;22;;;5042.0;419.953125
0;47100;AMETHYSTS;9995;22;;;;;9998;1;10005;22;;;9996.5;464.0
0;47100;STARFRUIT;5039;22;;;;;5046;22;;;;;5042.5;425.1875
0;47200;AMETHYSTS;9996;2;9995;21;;;10004;2;10005;21;;;10000.0;466.0
0;47200;STARFRUIT;5044;1;5039;23;;;5046;23;;;;;5045.0;420.78125
0;47300;STARFRUIT;5040;5;5039;21;;;5046;21;;;;;5043.0;424.265625
0;47300;AMETHYSTS;9995;21;;;;;10005;21;;;;;10000.0;466.0
0;47400;AMETHYSTS;9998;7;9995;22;;;10005;22;;;;;10001.5;466.0
0;47400;STARFRUIT;5043;5;5038;22;;;5045;22;;;;;5044.0;403.7421875
0;47500;AMETHYSTS;9996;1;9995;21;;;9998;1;10004;1;10005;21;9997.0;466.0
0;47500;STARFRUIT;5037;22;;;;;5042;5;5044;22;;;5039.5;404.9375
0;47600;STARFRUIT;5037;21;;;;;5044;21;;;;;5040.5;396.546875
0;47600;AMETHYSTS;9998;5;9995;21;;;10005;21;;;;;10001.5;468.0
0;47700;STARFRUIT;5037;23;;;;;5042;4;5044;23;;;5039.5;396.9375
0;47700;AMETHYSTS;9998;1;9995;23;;;10005;23;;;;;10001.5;468.0
0;47800;STARFRUIT;5038;20;;;;;5043;7;5045;20;;;5040.5;404.921875
0;47800;AMETHYSTS;9995;20;;;;;10005;20;;;;;10000.0;468.0
0;47900;AMETHYSTS;9995;23;;;;;10005;23;;;;;10000.0;468.0
0;47900;STARFRUIT;5037;23;;;;;5044;23;;;;;5040.5;386.28125
0;48000;STARFRUIT;5037;27;;;;;5044;27;;;;;5040.5;390.921875
0;48000;AMETHYSTS;10002;2;9996;1;9995;26;10004;1;10005;26;;;10003.0;468.0
0;48100;STARFRUIT;5037;30;;;;;5042;1;5044;30;;;5039.5;392.3671875
0;48100;AMETHYSTS;9996;1;9995;29;;;10004;1;10005;29;;;10000.0;472.0
0;48200;STARFRUIT;5038;2;5037;26;;;5044;27;;;;;5041.0;402.5546875
0;48200;AMETHYSTS;9996;1;9995;26;;;10004;1;10005;26;;;10000.0;472.0
0;48300;AMETHYSTS;9998;4;9996;1;9995;20;10004;1;10005;20;;;10001.0;472.0
0;48300;STARFRUIT;5037;21;;;;;5038;4;5044;21;;;5037.5;394.7109375
0;48400;STARFRUIT;5037;32;;;;;5042;6;5044;32;;;5039.5;399.3828125
0;48400;AMETHYSTS;9996;2;9995;30;;;10004;2;10005;30;;;10000.0;472.0
0;48500;STARFRUIT;5037;29;;;;;5044;29;;;;;5040.5;392.9375
0;48500;AMETHYSTS;9995;29;;;;;10005;29;;;;;10000.0;472.0
0;48600;STARFRUIT;5037;1;5036;26;;;5043;1;5044;26;;;5040.0;386.8515625
0;48600;AMETHYSTS;9996;1;9995;26;;;10004;1;10005;26;;;10000.0;472.0
0;48700;AMETHYSTS;9996;1;9995;22;;;10000;2;10004;1;10005;22;9998.0;472.0
0;48700;STARFRUIT;5036;23;;;;;5039;2;5043;23;;;5037.5;382.421875
0;48800;STARFRUIT;5036;29;;;;;5043;29;;;;;5039.5;380.6796875
0;48800;AMETHYSTS;9996;1;9995;28;;;10004;1;10005;28;;;10000.0;472.0
0;48900;STARFRUIT;5036;21;;;;;5043;22;;;;;5039.5;373.0078125
0;48900;AMETHYSTS;9995;22;;;;;10005;22;;;;;10000.0;472.0
0;49000;STARFRUIT;5035;29;;;;;5042;29;;;;;5038.5;357.671875
0;49000;AMETHYSTS;9996;1;9995;28;;;10004;1;10005;28;;;10000.0;472.0
0;49100;AMETHYSTS;9995;30;;;;;10005;30;;;;;10000.0;472.0
0;49100;STARFRUIT;5035;30;;;;;5042;30;;;;;5038.5;354.6640625
0;49200;STARFRUIT;5034;26;;;;;5041;26;;;;;5037.5;336.78125
0;49200;AMETHYSTS;10002;3;9996;1;9995;25;10004;1;10005;25;;;10003.0;472.0
0;49300;STARFRUIT;5035;6;5034;29;;;5041;29;;;;;5038.0;343.6796875
0;49300;AMETHYSTS;9998;3;9995;29;;;10005;29;;;;;10001.5;478.0
0;49400;STARFRUIT;5035;23;;;;;5042;23;;;;;5038.5;355.8671875
0;49400;AMETHYSTS;9996;1;9995;22;;;10004;1;10005;22;;;10000.0;478.0
0;49500;AMETHYSTS;9996;1;9995;24;;;10004;1;10005;24;;;10000.0;478.0
0;49500;STARFRUIT;5035;25;;;;;5041;1;5042;24;;;5038.0;348.2578125
0;49600;STARFRUIT;5036;2;5035;28;;;5038;3;5042;30;;;5037.0;363.40625
0;49600;AMETHYSTS;9996;2;9995;28;;;10000;3;10002;9;10004;2;9998.0;478.0
0;49700;STARFRUIT;5041;1;5036;6;5035;21;5042;21;;;;;5041.5;364.8125
0;49700;AMETHYSTS;9995;21;;;;;10005;21;;;;;10000.0;478.0
0;49800;AMETHYSTS;9995;20;;;;;10002;7;10005;20;;;9998.5;478.0
0;49800;STARFRUIT;5036;20;;;;;5037;1;5043;20;;;5036.5;380.765625
0;49900;AMETHYSTS;9996;1;9995;23;;;10004;1;10005;23;;;10000.0;478.0
0;49900;STARFRUIT;5038;5;5037;24;;;5044;24;;;;;5041.0;400.0
0;50000;STARFRUIT;5037;26;;;;;5044;26;;;;;5040.5;403.328125
0;50000;AMETHYSTS;9996;2;9995;24;;;10002;5;10004;2;10005;24;9999.0;478.0
0;50100;AMETHYSTS;10002;4;9996;2;9995;22;10004;2;10005;22;;;10003.0;478.0
0;50100;STARFRUIT;5037;24;;;;;5043;2;5044;22;;;5040.0;395.359375
0;50200;AMETHYSTS;9996;1;9995;28;;;10004;1;10005;28;;;10000.0;486.0
0;50200;STARFRUIT;5036;29;;;;;5043;29;;;;;5039.5;383.1796875
0;50300;AMETHYSTS;9995;23;;;;;10005;23;;;;;10000.0;486.0
0;50300;STARFRUIT;5036;23;;;;;5041;4;5043;23;;;5038.5;389.3515625
0;50400;STARFRUIT;5037;2;5036;23;;;5038;3;5043;23;;;5037.5;385.7578125
0;50400;AMETHYSTS;9996;2;9995;21;;;10004;2;10005;21;;;10000.0;486.0
0;50500;AMETHYSTS;10000;4;9998;7;9996;1;10004;1;10005;27;;;10002.0;486.0
0;50500;STARFRUIT;5039;4;5036;28;;;5043;28;;;;;5041.0;381.734375
0;50600;AMETHYSTS;9998;7;9996;2;9995;22;10000;5;10004;2;10005;22;9999.0;486.0
0;50600;STARFRUIT;5036;24;;;;;5039;4;5043;24;;;5037.5;379.90625
0;50700;AMETHYSTS;9998;9;9995;20;;;10005;20;;;;;10001.5;486.0
0;50700;STARFRUIT;5036;20;;;;;5043;20;;;;;5039.5;378.671875
0;50800;STARFRUIT;5037;2;5036;26;;;5043;28;;;;;5040.0;386.9296875
0;50800;AMETHYSTS;9998;7;9996;2;9995;26;10004;2;10005;26;;;10001.0;486.0
0;50900;AMETHYSTS;9998;2;9995;30;;;10000;5;10005;30;;;9999.0;486.0
0;50900;STARFRUIT;5036;30;;;;;5037;1;5039;5;5043;30;5036.5;388.859375
0;51000;AMETHYSTS;9996;2;9995;23;;;10004;2;10005;23;;;10000.0;486.0
0;51000;STARFRUIT;5037;25;;;;;5043;2;5044;23;;;5040.0;391.84375
0;51100;AMETHYSTS;9995;29;;;;;10002;1;10005;29;;;9998.5;486.0
0;51100;STARFRUIT;5038;3;5037;29;;;5044;29;;;;;5041.0;405.5
0;51200;STARFRUIT;5037;30;;;;;5044;30;;;;;5040.5;404.796875
0;51200;AMETHYSTS;9995;30;;;;;10005;30;;;;;10000.0;486.0
0;51300;AMETHYSTS;9996;2;9995;23;;;9998;5;10002;5;10004;2;9997.0;486.0
0;51300;STARFRUIT;5038;2;5037;23;;;5044;25;;;;;5041.0;407.328125
0;51400;AMETHYSTS;9996;1;9995;22;;;10004;1;10005;22;;;10000.0;496.0
0;51400;STARFRUIT;5037;23;;;;;5042;5;5044;23;;;5039.5;399.8125
0;51500;AMETHYSTS;9995;21;;;;;10005;21;;;;;10000.0;496.0
0;51500;STARFRUIT;5037;21;;;;;5044;21;;;;;5040.5;405.015625
0;51600;STARFRUIT;5042;3;5038;2;5037;21;5044;23;;;;;5043.0;406.6953125
0;51600;AMETHYSTS;9996;2;9995;21;;;10002;5;10004;2;10005;21;9999.0;496.0
0;51700;AMETHYSTS;9996;2;9995;30;;;10004;2;10005;30;;;10000.0;496.0
0;51700;STARFRUIT;5038;2;5037;30;;;5044;32;;;;;5041.0;410.3828125
0;51800;AMETHYSTS;9995;25;;;;;10005;25;;;;;10000.0;496.0
0;51800;STARFRUIT;5037;25;;;;;5044;25;;;;;5040.5;407.0625
0;51900;AMETHYSTS;9996;2;9995;26;;;10004;2;10005;26;;;10000.0;496.0
0;51900;STARFRUIT;5037;28;;;;;5044;28;;;;;5040.5;401.53125
0;52000;AMETHYSTS;9998;2;9995;21;;;10000;5;10005;21;;;9999.0;496.0
0;52000;STARFRUIT;5038;5;5037;21;;;5040;5;5044;21;;;5039.0;406.2890625
0;52100;AMETHYSTS;9996;1;9995;27;;;10004;1;10005;27;;;10000.0;496.0
0;52100;STARFRUIT;5038;1;5037;27;;;5044;28;;;;;5041.0;413.3359375
0;52200;AMETHYSTS;9995;23;;;;;10005;23;;;;;10000.0;496.0
0;52200;STARFRUIT;5037;22;;;;;5044;23;;;;;5040.5;406.7265625
0;52300;STARFRUIT;5037;30;;;;;5044;30;;;;;5040.5;411.90625
0;52300;AMETHYSTS;9995;30;;;;;10005;30;;;;;10000.0;496.0
0;52400;AMETHYSTS;10002;3;9996;1;9995;20;10004;1;10005;20;;;10003.0;496.0
0;52400;STARFRUIT;5038;1;5037;21;;;5040;4;5044;21;;;5039.0;411.2890625
0;52500;AMETHYSTS;9996;2;9995;25;;;10004;2;10005;25;;;10000.0;502.0
0;52500;STARFRUIT;5037;27;;;;;5043;2;5044;25;;;5040.0;400.0390625
0;52600;AMETHYSTS;9996;1;9995;30;;;10004;1;10005;30;;;10000.0;502.0
0;52600;STARFRUIT;5037;31;;;;;5043;1;5044;30;;;5040.0;397.6953125
0;52700;STARFRUIT;5042;1;5037;25;;;5043;1;5044;24;;;5042.5;398.734375
0;52700;AMETHYSTS;9996;1;9995;24;;;10002;9;10004;1;10005;24;9999.0;502.0
0;52800;AMETHYSTS;9996;2;9995;26;;;10004;2;10005;26;;;10000.0;502.0
0;52800;STARFRUIT;5042;1;5037;28;;;5044;28;;;;;5043.0;403.4453125
0;52900;AMETHYSTS;9996;1;9995;26;;;10002;3;10004;1;10005;26;9999.0;502.0
0;52900;STARFRUIT;5036;27;;;;;5043;27;;;;;5039.5;391.625
0;53000;AMETHYSTS;9996;1;9995;29;;;10004;1;10005;29;;;10000.0;502.0
0;53000;STARFRUIT;5036;1;5035;29;;;5042;30;;;;;5039.0;379.890625
0;53100;STARFRUIT;5036;2;5035;21;;;5042;2;5043;21;;;5039.0;382.953125
0;53100;AMETHYSTS;9996;2;9995;21;;;9998;5;10004;2;10005;21;9997.0;502.0
0;53200;AMETHYSTS;9995;23;;;;;10005;23;;;;;10000.0;512.0
0;53200;STARFRUIT;5041;1;5036;23;;;5043;23;;;;;5042.0;390.59375
0;53300;AMETHYSTS;9995;20;;;;;10005;20;;;;;10000.0;512.0
0;53300;STARFRUIT;5036;20;;;;;5043;20;;;;;5039.5;386.8515625
0;53400;AMETHYSTS;9996;2;9995;30;;;9998;1;10004;2;10005;30;9997.0;512.0
0;53400;STARFRUIT;5038;7;5037;32;;;5044;32;;;;;5041.0;407.453125
0;53500;STARFRUIT;5037;25;;;;;5042;2;5044;25;;;5039.5;410.71875
0;53500;AMETHYSTS;9995;25;;;;;10002;7;10005;25;;;9998.5;514.0
0;53600;AMETHYSTS;9998;2;9996;1;9995;22;10004;1;10005;22;;;10001.0;514.0
0;53600;STARFRUIT;5037;23;;;;;5044;23;;;;;5040.5;413.140625
0;53700;AMETHYSTS;9995;23;;;;;10005;23;;;;;10000.0;514.0
0;53700;STARFRUIT;5038;1;5037;23;;;5044;23;;;;;5041.0;411.4765625
0;53800;AMETHYSTS;9998;8;9995;29;;;10005;29;;;;;10001.5;514.0
0;53800;STARFRUIT;5037;29;;;;;5044;29;;;;;5040.5;406.078125
0;53900;STARFRUIT;5038;1;5037;25;;;5040;4;5044;26;;;5039.0;416.0234375
0;53900;AMETHYSTS;9996;1;9995;25;;;10000;4;10002;8;10004;1;9998.0;514.0
0;54000;AMETHYSTS;9996;1;9995;21;;;10002;1;10004;1;10005;21;9999.0;514.0
0;54000;STARFRUIT;5038;7;5037;22;;;5044;22;;;;;5041.0;412.015625
0;54100;AMETHYSTS;9996;1;9995;21;;;10004;1;10005;21;;;10000.0;514.0
0;54100;STARFRUIT;5038;4;5037;22;;;5043;1;5044;21;;;5040.5;403.7109375
0;54200;AMETHYSTS;9996;1;9995;20;;;10004;1;10005;20;;;10000.0;514.0
0;54200;STARFRUIT;5037;20;;;;;5043;1;5044;20;;;5040.0;403.25
0;54300;STARFRUIT;5037;28;;;;;5043;2;5044;26;;;5040.0;403.3359375
0;54300;AMETHYSTS;10002;1;9996;2;9995;26;10004;2;10005;26;;;10003.0;514.0
0;54400;AMETHYSTS;9995;22;;;;;10005;22;;;;;10000.0;516.0
0;54400;STARFRUIT;5037;22;;;;;5044;22;;;;;5040.5;419.828125
0;54500;AMETHYSTS;9996;2;9995;27;;;10002;2;10004;2;10005;27;9999.0;516.0
0;54500;STARFRUIT;5038;29;;;;;5045;29;;;;;5041.5;426.7734375
0;54600;AMETHYSTS;10002;2;9996;1;9995;29;10004;1;10005;29;;;10003.0;516.0
0;54600;STARFRUIT;5038;30;;;;;5045;30;;;;;5041.5;431.0546875
0;54700;STARFRUIT;5038;1;5037;22;;;5044;1;5045;22;;;5041.0;421.859375
0;54700;AMETHYSTS;9996;1;9995;22;;;10004;1;10005;22;;;10000.0;520.0
0;54800;AMETHYSTS;9996;2;9995;23;;;10004;2;10005;23;;;10000.0;520.0
0;54800;STARFRUIT;5039;9;5038;23;;;5045;25;;;;;5042.0;437.515625
0;54900;AMETHYSTS;9996;2;9995;22;;;10004;2;10005;22;;;10000.0;520.0
0;54900;STARFRUIT;5038;24;;;;;5043;1;5045;24;;;5040.5;434.3359375
0;55000;AMETHYSTS;9996;2;9995;20;;;10004;2;10005;20;;;10000.0;520.0
0;55000;STARFRUIT;5039;2;5038;20;;;5043;7;5045;22;;;5041.0;438.40625
0;55100;STARFRUIT;5039;26;;;;;5045;2;5046;24;;;5042.0;443.53125
0;55100;AMETHYSTS;9996;2;9995;24;;;10004;2;10005;24;;;10000.0;520.0
0;55200;AMETHYSTS;9998;8;9996;1;9995;25;10004;1;10005;25;;;10001.0;520.0
0;55200;STARFRUIT;5038;25;;;;;5045;26;;;;;5041.5;439.21875
0;55300;AMETHYSTS;9995;22;;;;;10002;5;10005;22;;;9998.5;520.0
0;55300;STARFRUIT;5039;22;;;;;5044;3;5046;22;;;5041.5;444.4296875
0;55400;AMETHYSTS;9998;7;9996;1;9995;27;10004;1;10005;27;;;10001.0;520.0
0;55400;STARFRUIT;5039;6;5038;27;;;5045;28;;;;;5042.0;440.84375
0;55500;STARFRUIT;5039;2;5038;22;;;5043;2;5045;24;;;5041.0;438.640625
0;55500;AMETHYSTS;9996;2;9995;22;;;10004;2;10005;22;;;10000.0;520.0
0;55600;AMETHYSTS;9995;23;;;;;10002;9;10005;23;;;9998.5;520.0
0;55600;STARFRUIT;5038;23;;;;;5045;23;;;;;5041.5;438.6796875
0;55700;AMETHYSTS;9996;1;9995;21;;;10002;7;10004;1;10005;21;9999.0;520.0
0;55700;STARFRUIT;5038;22;;;;;5045;22;;;;;5041.5;434.125
0;55800;AMETHYSTS;9996;1;9995;25;;;10004;1;10005;25;;;10000.0;520.0
0;55800;STARFRUIT;5039;8;5038;26;;;5045;26;;;;;5042.0;436.109375
0;55900;STARFRUIT;5041;4;5038;20;;;5045;20;;;;;5043.0;432.78125
0;55900;AMETHYSTS;9995;20;;;;;10005;20;;;;;10000.0;520.0
0;56000;AMETHYSTS;10000;2;9996;1;9995;24;10002;6;10004;1;10005;24;10001.0;520.0
0;56000;STARFRUIT;5041;2;5038;25;;;5043;7;5045;25;;;5042.0;432.6640625
0;56100;AMETHYSTS;9996;1;9995;27;;;9998;1;10002;3;10004;1;9997.0;520.0
0;56100;STARFRUIT;5038;28;;;;;5044;1;5045;27;;;5041.0;423.265625
0;56200;AMETHYSTS;9996;1;9995;30;;;10000;4;10004;1;10005;30;9998.0;522.0
0;56200;STARFRUIT;5038;31;;;;;5041;4;5044;1;5045;30;5039.5;425.1640625
0;56300;STARFRUIT;5038;28;;;;;5045;28;;;;;5041.5;425.9765625
0;56300;AMETHYSTS;9995;28;;;;;10005;28;;;;;10000.0;522.0
0;56400;STARFRUIT;5038;29;;;;;5045;29;;;;;5041.5;426.6015625
0;56400;AMETHYSTS;9996;2;9995;27;;;10004;2;10005;27;;;10000.0;522.0
0;56500;AMETHYSTS;9995;21;;;;;10002;9;10005;21;;;9998.5;522.0
0;56500;STARFRUIT;5038;21;;;;;5045;21;;;;;5041.5;430.1953125
0;56600;STARFRUIT;5038;2;5037;28;;;5043;3;5044;2;5045;28;5040.5;421.8046875
0;56600;AMETHYSTS;9996;2;9995;28;;;10002;2;10004;2;10005;28;9999.0;522.0
0;56700;STARFRUIT;5038;2;5037;27;;;5039;4;5044;27;;;5038.5;419.8828125
0;56700;AMETHYSTS;9998;5;9995;27;;;10005;27;;;;;10001.5;522.0
0;56800;STARFRUIT;5038;8;5037;23;;;5044;23;;;;;5041.0;414.765625
0;56800;AMETHYSTS;9995;23;;;;;10005;23;;;;;10000.0;522.0
0;56900;AMETHYSTS;9996;1;9995;20;;;10004;1;10005;20;;;10000.0;522.0
0;56900;STARFRUIT;5037;21;;;;;5044;21;;;;;5040.5;409.9375
0;57000;STARFRUIT;5037;22;;;;;5044;22;;;;;5040.5;416.3828125
0;57000;AMETHYSTS;9996;2;9995;20;;;10002;10;10004;2;10005;20;9999.0;522.0
0;57100;STARFRUIT;5043;1;5037;24;;;5045;24;;;;;5044.0;422.3203125
0;57100;AMETHYSTS;9998;6;9995;24;;;10005;24;;;;;10001.5;522.0
0;57200;STARFRUIT;5038;1;5037;25;;;5044;26;;;;;5041.0;420.375
0;57200;AMETHYSTS;9998;5;9996;1;9995;25;10004;1;10005;25;;;10001.0;522.0
0;57300;AMETHYSTS;9996;1;9995;30;;;10004;1;10005;30;;;10000.0;522.0
0;57300;STARFRUIT;5038;31;;;;;5043;1;5044;1;5045;30;5040.5;427.5
0;57400;STARFRUIT;5038;28;;;;;5044;1;5045;27;;;5041.0;428.0078125
0;57400;AMETHYSTS;9996;1;9995;27;;;10004;1;10005;27;;;10000.0;522.0
0;57500;STARFRUIT;5038;2;5037;21;;;5044;21;;;;;5041.0;423.09375
0;57500;AMETHYSTS;9995;21;;;;;10005;21;;;;;10000.0;522.0
0;57600;STARFRUIT;5040;5;5038;2;5037;20;5044;22;;;;;5042.0;422.0078125
0;57600;AMETHYSTS;10000;4;9996;2;9995;20;10004;2;10005;20;;;10002.0;522.0
0;57700;AMETHYSTS;9998;2;9996;1;9995;21;10004;1;10005;21;;;10001.0;522.0
0;57700;STARFRUIT;5037;22;;;;;5044;22;;;;;5040.5;412.1640625
0;57800;STARFRUIT;5038;7;5037;28;;;5044;28;;;;;5041.0;416.5390625
0;57800;AMETHYSTS;9996;2;9995;26;;;10002;4;10004;2;10005;26;9999.0;522.0
0;57900;STARFRUIT;5037;2;5036;26;;;5038;5;5043;28;;;5037.5;404.03125
0;57900;AMETHYSTS;9996;2;9995;26;;;10004;2;10005;26;;;10000.0;522.0
0;58000;STARFRUIT;5037;28;;;;;5044;28;;;;;5040.5;411.71875
0;58000;AMETHYSTS;9995;28;;;;;10005;28;;;;;10000.0;522.0
0;58100;AMETHYSTS;9998;7;9995;20;;;10005;20;;;;;10001.5;522.0
0;58100;STARFRUIT;5037;20;;;;;5044;20;;;;;5040.5;415.484375
0;58200;STARFRUIT;5037;29;;;;;5043;2;5044;27;;;5040.0;409.8984375
0;58200;AMETHYSTS;9996;2;9995;27;;;10004;2;10005;27;;;10000.0;522.0
0;58300;STARFRUIT;5037;2;5036;28;;;5043;30;;;;;5040.0;404.828125
0;58300;AMETHYSTS;9996;2;9995;28;;;10004;2;10005;28;;;10000.0;522.0
0;58400;STARFRUIT;5037;25;;;;;5044;25;;;;;5040.5;410.3671875
0;58400;AMETHYSTS;9995;25;;;;;10005;25;;;;;10000.0;522.0
0;58500;AMETHYSTS;9998;3;9996;2;9995;20;10004;2;10005;20;;;10001.0;522.0
0;58500;STARFRUIT;5038;2;5037;20;;;5042;2;5044;22;;;5040.0;422.921875
0;58600;STARFRUIT;5038;23;;;;;5045;23;;;;;5041.5;434.046875
0;58600;AMETHYSTS;9996;1;9995;22;;;10004;1;10005;22;;;10000.0;522.0
0;58700;AMETHYSTS;9996;1;9995;29;;;9998;1;10000;4;10004;1;9997.0;522.0
0;58700;STARFRUIT;5038;30;;;;;5041;4;5044;1;5045;29;5039.5;430.7890625
0;58800;AMETHYSTS;9996;1;9995;30;;;10004;1;10005;30;;;10000.0;524.0
0;58800;STARFRUIT;5038;1;5037;30;;;5042;5;5044;31;;;5040.0;424.296875
0;58900;AMETHYSTS;9996;2;9995;23;;;10004;2;10005;23;;;10000.0;524.0
0;58900;STARFRUIT;5043;1;5037;25;;;5044;25;;;;;5043.5;420.21875
0;59000;STARFRUIT;5038;1;5037;23;;;5044;1;5045;23;;;5041.0;428.546875
0;59000;AMETHYSTS;9996;1;9995;23;;;10004;1;10005;23;;;10000.0;524.0
0;59100;AMETHYSTS;9998;7;9996;1;9995;20;10004;1;10005;20;;;10001.0;524.0
0;59100;STARFRUIT;5038;1;5037;20;;;5044;21;;;;;5041.0;427.0703125
0;59200;AMETHYSTS;10002;1;9996;2;9995;23;10004;2;10005;23;;;10003.0;524.0
0;59200;STARFRUIT;5042;10;5038;10;5037;23;5044;25;;;;;5043.0;425.046875
0;59300;AMETHYSTS;9998;5;9995;22;;;10005;22;;;;;10001.5;526.0
0;59300;STARFRUIT;5036;22;;;;;5044;22;;;;;5040.0;430.00390625
0;59400;STARFRUIT;5036;23;;;;;5043;23;;;;;5039.5;427.68359375
0;59400;AMETHYSTS;10002;1;9995;23;;;10005;23;;;;;10003.5;526.0
0;59500;AMETHYSTS;9996;2;9995;22;;;10004;2;10005;22;;;10000.0;528.0
0;59500;STARFRUIT;5037;2;5036;22;;;5043;2;5044;22;;;5040.0;429.984375
0;59600;AMETHYSTS;10002;1;9996;1;9995;24;10004;1;10005;24;;;10003.0;528.0
0;59600;STARFRUIT;5037;25;;;;;5044;25;;;;;5040.5;433.38671875
0;59700;AMETHYSTS;9996;1;9995;25;;;10004;1;10005;25;;;10000.0;530.0
0;59700;STARFRUIT;5044;1;5038;26;;;5045;26;;;;;5044.5;443.9609375
0;59800;STARFRUIT;5038;24;;;;;5045;24;;;;;5041.5;446.96484375
0;59800;AMETHYSTS;9998;9;9996;2;9995;22;10004;2;10005;22;;;10001.0;530.0
0;59900;AMETHYSTS;9996;2;9995;23;;;10004;2;10005;23;;;10000.0;530.0
0;59900;STARFRUIT;5038;2;5037;23;;;5042;4;5044;25;;;5040.0;440.72265625
0;60000;AMETHYSTS;9996;1;9995;25;;;9998;3;10002;10;10004;1;9997.0;530.0
0;60000;STARFRUIT;5038;5;5037;26;;;5044;26;;;;;5041.0;439.94921875
0;60100;AMETHYSTS;9996;1;9995;27;;;10004;1;10005;27;;;10000.0;536.0
0;60100;STARFRUIT;5037;28;;;;;5044;28;;;;;5040.5;438.421875
0;60200;STARFRUIT;5037;26;;;;;5044;26;;;;;5040.5;438.00390625
0;60200;AMETHYSTS;9996;1;9995;25;;;10004;1;10005;25;;;10000.0;536.0
0;60300;AMETHYSTS;9998;3;9996;1;9995;23;10004;1;10005;23;;;10001.0;536.0
0;60300;STARFRUIT;5037;24;;;;;5044;24;;;;;5040.5;437.6015625
0;60400;AMETHYSTS;9996;2;9995;22;;;9998;1;10004;2;10005;22;9997.0;536.0
0;60400;STARFRUIT;5037;24;;;;;5043;2;5044;22;;;5040.0;434.93359375
0;60500;AMETHYSTS;9995;25;;;;;10000;2;10005;25;;;9997.5;538.0
0;60500;STARFRUIT;5037;25;;;;;5040;2;5044;25;;;5038.5;434.71875
0;60600;STARFRUIT;5037;21;;;;;5043;1;5044;21;;;5040.0;436.171875
0;60600;AMETHYSTS;9996;1;9995;21;;;10004;1;10005;21;;;10000.0;538.0
0;60700;AMETHYSTS;9998;10;9995;24;;;10005;24;;;;;10001.5;538.0
0;60700;STARFRUIT;5042;9;5037;24;;;5044;24;;;;;5043.0;439.43359375
0;60800;AMETHYSTS;9996;2;9995;26;;;10004;2;10005;26;;;10000.0;538.0
0;60800;STARFRUIT;5043;1;5037;28;;;5044;28;;;;;5043.5;452.724609375
0;60900;STARFRUIT;5043;1;5037;29;;;5044;29;;;;;5043.5;455.0
0;60900;AMETHYSTS;9998;10;9995;29;;;10005;29;;;;;10001.5;538.0
0;61000;AMETHYSTS;9996;1;9995;25;;;9998;1;10004;1;10005;25;9997.0;538.0
0;61000;STARFRUIT;5037;26;;;;;5044;26;;;;;5040.5;457.27685546875
0;61100;AMETHYSTS;9996;2;9995;29;;;10004;2;10005;29;;;10000.0;540.0
0;61100;STARFRUIT;5037;31;;;;;5044;31;;;;;5040.5;457.73974609375
0;61200;AMETHYSTS;9998;1;9995;22;;;10005;22;;;;;10001.5;540.0
0;61200;STARFRUIT;5038;5;5037;22;;;5039;3;5044;22;;;5038.5;457.265625
0;61300;STARFRUIT;5036;27;;;;;5043;27;;;;;5039.5;460.5986328125
0;61300;AMETHYSTS;9995;27;;;;;10005;27;;;;;10000.0;540.0
0;61400;AMETHYSTS;9995;28;;;;;10005;28;;;;;10000.0;540.0
0;61400;STARFRUIT;5037;28;;;;;5044;28;;;;;5040.5;461.533203125
0;61500;AMETHYSTS;9998;4;9995;22;;;10005;22;;;;;10001.5;540.0
0;61500;STARFRUIT;5042;1;5037;22;;;5044;22;;;;;5043.0;461.2568359375
0;61600;AMETHYSTS;9996;1;9995;27;;;10004;1;10005;27;;;10000.0;540.0
0;61600;STARFRUIT;5037;28;;;;;5044;28;;;;;5040.5;463.58544921875
0;61700;STARFRUIT;5037;23;;;;;5044;23;;;;;5040.5;463.70703125
0;61700;AMETHYSTS;9996;2;9995;21;;;10004;2;10005;21;;;10000.0;540.0
0;61800;AMETHYSTS;9996;2;9995;24;;;10004;2;10005;24;;;10000.0;540.0
0;61800;STARFRUIT;5037;26;;;;;5038;1;5044;26;;;5037.5;463.5849609375
0;61900;AMETHYSTS;9995;28;;;;;10002;8;10005;28;;;9998.5;540.0
0;61900;STARFRUIT;5037;28;;;;;5044;28;;;;;5040.5;466.7890625
0;62000;AMETHYSTS;9995;24;;;;;10005;24;;;;;10000.0;540.0
0;62000;STARFRUIT;5037;24;;;;;5044;24;;;;;5040.5;466.0791015625
0;62100;STARFRUIT;5037;27;;;;;5043;2;5044;25;;;5040.0;465.3095703125
0;62100;AMETHYSTS;9996;2;9995;25;;;10002;3;10004;2;10005;25;9999.0;540.0
0;62200;AMETHYSTS;9998;9;9996;2;9995;22;10004;2;10005;22;;;10001.0;540.0
0;62200;STARFRUIT;5037;24;;;;;5042;1;5044;24;;;5039.5;466.24609375
0;62300;AMETHYSTS;9995;21;;;;;10005;21;;;;;10000.0;540.0
0;62300;STARFRUIT;5037;21;;;;;5044;21;;;;;5040.5;466.5712890625
0;62400;AMETHYSTS;9995;24;;;;;10005;24;;;;;10000.0;540.0
0;62400;STARFRUIT;5037;24;;;;;5044;24;;;;;5040.5;466.625
0;62500;STARFRUIT;5038;2;5037;25;;;5044;27;;;;;5041.0;466.66796875
0;62500;AMETHYSTS;9996;2;9995;25;;;10004;2;10005;25;;;10000.0;540.0
0;62600;AMETHYSTS;9998;6;9996;1;9995;21;10004;1;10005;21;;;10001.0;540.0
0;62600;STARFRUIT;5038;1;5037;21;;;5044;22;;;;;5041.0;466.724609375
0;62700;AMETHYSTS;9998;3;9995;25;;;10005;25;;;;;10001.5;540.0
0;62700;STARFRUIT;5037;25;;;;;5044;25;;;;;5040.5;465.658203125
0;62800;AMETHYSTS;9995;22;;;;;10005;22;;;;;10000.0;540.0
0;62800;STARFRUIT;5037;22;;;;;5044;22;;;;;5040.5;466.1240234375
0;62900;STARFRUIT;5037;22;;;;;5043;2;5044;20;;;5040.0;465.296875
0;62900;AMETHYSTS;10002;11;9998;3;9996;2;10004;2;10005;20;;;10003.0;540.0
0;63000;AMETHYSTS;9995;30;;;;;10005;30;;;;;10000.0;562.0
0;63000;STARFRUIT;5037;30;;;;;5044;30;;;;;5040.5;466.3525390625
0;63100;AMETHYSTS;9995;30;;;;;9998;1;10005;30;;;9996.5;562.0
0;63100;STARFRUIT;5037;30;;;;;5044;30;;;;;5040.5;466.6513671875
0;63200;AMETHYSTS;9996;1;9995;24;;;10004;1;10005;24;;;10000.0;564.0
0;63200;STARFRUIT;5038;25;;;;;5044;1;5045;24;;;5041.0;467.220703125
0;63300;STARFRUIT;5043;1;5038;30;;;5045;30;;;;;5044.0;467.58984375
0;63300;AMETHYSTS;10002;4;9995;30;;;10005;30;;;;;10003.5;564.0
0;63400;AMETHYSTS;9996;2;9995;22;;;10004;2;10005;22;;;10000.0;572.0
0;63400;STARFRUIT;5038;24;;;;;5044;2;5045;22;;;5041.0;469.03857421875
0;63500;AMETHYSTS;9995;28;;;;;10005;28;;;;;10000.0;572.0
0;63500;STARFRUIT;5038;3;5037;28;;;5044;28;;;;;5041.0;468.70556640625
0;63600;AMETHYSTS;9995;22;;;;;10005;22;;;;;10000.0;572.0
0;63600;STARFRUIT;5042;1;5037;22;;;5044;22;;;;;5043.0;468.43017578125
0;63700;STARFRUIT;5037;21;;;;;5040;5;5042;7;5044;21;5038.5;470.0
0;63700;AMETHYSTS;9995;21;;;;;10000;5;10002;7;10005;21;9997.5;572.0
0;63800;AMETHYSTS;9996;1;9995;27;;;9998;1;10004;1;10005;27;9997.0;572.0
0;63800;STARFRUIT;5036;1;5035;27;;;5042;28;;;;;5039.0;464.8203125
0;63900;AMETHYSTS;9995;22;;;;;10000;2;10005;22;;;9997.5;574.0
0;63900;STARFRUIT;5035;22;;;;;5039;2;5043;22;;;5037.0;465.11328125
0;64000;AMETHYSTS;9995;30;;;;;9998;11;10002;10;10005;30;9996.5;574.0
0;64000;STARFRUIT;5036;2;5035;30;;;5042;30;;;;;5039.0;462.5078125
0;64100;STARFRUIT;5036;28;;;;;5041;4;5042;2;5043;26;5038.5;465.8671875
0;64100;AMETHYSTS;9996;2;9995;26;;;10002;4;10004;2;10005;26;9999.0;596.0
0;64200;AMETHYSTS;9996;2;9995;25;;;10004;2;10005;25;;;10000.0;596.0
0;64200;STARFRUIT;5036;27;;;;;5043;27;;;;;5039.5;467.4765625
0;64300;AMETHYSTS;9998;4;9996;2;9995;20;10004;2;10005;20;;;10001.0;596.0
0;64300;STARFRUIT;5036;2;5035;22;;;5042;22;;;;;5039.0;463.24609375
0;64400;AMETHYSTS;9996;2;9995;27;;;10004;2;10005;27;;;10000.0;596.0
0;64400;STARFRUIT;5036;4;5035;29;;;5042;29;;;;;5039.0;462.4140625
0;64500;STARFRUIT;5036;7;5035;22;;;5042;22;;;;;5039.0;462.04296875
0;64500;AMETHYSTS;9996;2;9995;20;;;10004;2;10005;20;;;10000.0;596.0
0;64600;AMETHYSTS;9996;2;9995;27;;;10004;2;10005;27;;;10000.0;596.0
0;64600;STARFRUIT;5036;2;5035;27;;;5042;29;;;;;5039.0;464.71484375
0;64700;AMETHYSTS;10002;1;9996;1;9995;28;10004;1;10005;28;;;10003.0;596.0
0;64700;STARFRUIT;5036;1;5035;28;;;5042;1;5043;28;;;5039.0;465.00390625
0;64800;AMETHYSTS;9996;1;9995;20;;;10004;1;10005;20;;;10000.0;598.0
0;64800;STARFRUIT;5036;20;;;;;5042;1;5043;20;;;5039.0;466.30859375
0;64900;STARFRUIT;5036;2;5035;30;;;5042;32;;;;;5039.0;464.02734375
0;64900;AMETHYSTS;9996;2;9995;30;;;9998;4;10002;10;10004;2;9997.0;598.0
0;65000;AMETHYSTS;9996;1;9995;26;;;10002;5;10004;1;10005;26;9999.0;606.0
0;65000;STARFRUIT;5041;1;5036;27;;;5042;1;5043;26;;;5041.5;465.46875
0;65100;AMETHYSTS;9998;10;9996;1;9995;25;10004;1;10005;25;;;10001.0;606.0
0;65100;STARFRUIT;5036;1;5035;25;;;5042;26;;;;;5039.0;466.38671875
0;65200;AMETHYSTS;9996;1;9995;28;;;10002;6;10004;1;10005;28;9999.0;606.0
0;65200;STARFRUIT;5037;2;5036;29;;;5042;1;5043;28;;;5039.5;468.33203125
0;65300;STARFRUIT;5036;29;;;;;5041;1;5043;29;;;5038.5;468.03125
0;65300;AMETHYSTS;9995;29;;;;;10002;9;10005;29;;;9998.5;606.0
0;65400;STARFRUIT;5035;21;;;;;5037;2;5042;21;;;5036.0;465.259765625
0;65400;AMETHYSTS;9998;10;9995;21;;;10005;21;;;;;10001.5;606.0
0;65500;AMETHYSTS;9995;20;;;;;10005;20;;;;;10000.0;606.0
0;65500;STARFRUIT;5035;20;;;;;5042;20;;;;;5038.5;467.59375
0;65600;STARFRUIT;5036;6;5035;20;;;5042;20;;;;;5039.0;468.06640625
0;65600;AMETHYSTS;9998;3;9995;20;;;10005;20;;;;;10001.5;606.0
0;65700;STARFRUIT;5035;24;;;;;5036;1;5043;24;;;5035.5;471.1328125
0;65700;AMETHYSTS;9995;24;;;;;10005;24;;;;;10000.0;606.0
0;65800;STARFRUIT;5037;1;5036;30;;;5043;30;;;;;5040.0;477.16015625
0;65800;AMETHYSTS;10002;4;9995;30;;;10005;30;;;;;10003.5;606.0
0;65900;AMETHYSTS;9996;2;9995;24;;;10004;2;10005;24;;;10000.0;614.0
0;65900;STARFRUIT;5037;2;5036;24;;;5043;26;;;;;5040.0;482.78515625
0;66000;STARFRUIT;5037;7;5036;24;;;5043;25;;;;;5040.0;482.47265625
0;66000;AMETHYSTS;9996;1;9995;24;;;10004;1;10005;24;;;10000.0;614.0
0;66100;STARFRUIT;5042;1;5037;25;;;5043;2;5044;23;;;5042.5;484.6015625
0;66100;AMETHYSTS;9996;2;9995;23;;;10004;2;10005;23;;;10000.0;614.0
0;66200;STARFRUIT;5041;5;5037;23;;;5043;1;5044;22;;;5042.0;486.35546875
0;66200;AMETHYSTS;10002;1;9996;1;9995;22;10004;1;10005;22;;;10003.0;614.0
0;66300;AMETHYSTS;10000;3;9995;20;;;10002;5;10005;20;;;10001.0;616.0
0;66300;STARFRUIT;5040;3;5037;20;;;5044;20;;;;;5042.0;490.9453125
0;66400;STARFRUIT;5037;2;5036;24;;;5043;26;;;;;5040.0;489.89453125
0;66400;AMETHYSTS;9996;2;9995;24;;;10004;2;10005;24;;;10000.0;616.0
0;66500;STARFRUIT;5042;1;5037;31;;;5043;1;5044;30;;;5042.5;490.2314453125
0;66500;AMETHYSTS;9996;1;9995;30;;;10004;1;10005;30;;;10000.0;616.0
0;66600;STARFRUIT;5037;31;;;;;5044;31;;;;;5040.5;492.5166015625
0;66600;AMETHYSTS;10002;3;9998;1;9996;2;10004;2;10005;29;;;10003.0;616.0
0;66700;AMETHYSTS;9996;1;9995;25;;;10004;1;10005;25;;;10000.0;622.0
0;66700;STARFRUIT;5038;5;5037;26;;;5044;26;;;;;5041.0;492.859375
0;66800;STARFRUIT;5038;1;5037;25;;;5044;26;;;;;5041.0;493.6416015625
0;66800;AMETHYSTS;9996;1;9995;25;;;10004;1;10005;25;;;10000.0;622.0
0;66900;STARFRUIT;5037;3;5036;20;;;5043;20;;;;;5040.0;491.6943359375
0;66900;AMETHYSTS;9995;20;;;;;10005;20;;;;;10000.0;622.0
0;67000;STARFRUIT;5036;24;;;;;5042;2;5043;22;;;5039.0;490.2802734375
0;67000;AMETHYSTS;9998;1;9996;2;9995;22;10004;2;10005;22;;;10001.0;622.0
0;67100;AMETHYSTS;9996;1;9995;25;;;10004;1;10005;25;;;10000.0;622.0
0;67100;STARFRUIT;5036;26;;;;;5043;26;;;;;5039.5;491.0751953125
0;67200;STARFRUIT;5036;23;;;;;5041;6;5043;23;;;5038.5;491.0263671875
0;67200;AMETHYSTS;9995;23;;;;;10005;23;;;;;10000.0;622.0
0;67300;STARFRUIT;5038;1;5037;22;;;5043;1;5044;21;;;5040.5;492.4326171875
0;67300;AMETHYSTS;9996;1;9995;21;;;10004;1;10005;21;;;10000.0;622.0
0;67400;STARFRUIT;5038;8;5037;29;;;5044;29;;;;;5041.0;492.4736328125
0;67400;AMETHYSTS;9996;1;9995;28;;;10004;1;10005;28;;;10000.0;622.0
0;67500;AMETHYSTS;9995;22;;;;;10005;22;;;;;10000.0;622.0
0;67500;STARFRUIT;5037;22;;;;;5044;22;;;;;5040.5;493.6435546875
0;67600;STARFRUIT;5038;1;5037;25;;;5044;26;;;;;5041.0;493.7265625
0;67600;AMETHYSTS;9996;1;9995;25;;;10004;1;10005;25;;;10000.0;622.0
0;67700;AMETHYSTS;9996;2;9995;21;;;10000;3;10004;2;10005;21;9998.0;622.0
0;67700;STARFRUIT;5037;23;;;;;5040;3;5044;23;;;5038.5;492.923828125
0;67800;AMETHYSTS;9996;2;9995;30;;;10004;2;10005;30;;;10000.0;622.0
0;67800;STARFRUIT;5038;6;5037;32;;;5044;32;;;;;5041.0;494.216796875
0;67900;AMETHYSTS;9995;26;;;;;10005;26;;;;;10000.0;622.0
0;67900;STARFRUIT;5036;26;;;;;5043;26;;;;;5039.5;491.125
0;68000;STARFRUIT;5042;1;5036;25;;;5043;25;;;;;5042.5;490.595703125
0;68000;AMETHYSTS;9995;25;;;;;10002;5;10005;25;;;9998.5;622.0
0;68100;AMETHYSTS;9996;1;9995;26;;;10002;8;10004;1;10005;26;9999.0;622.0
0;68100;STARFRUIT;5037;7;5036;27;;;5042;1;5043;26;;;5039.5;490.765625
0;68200;AMETHYSTS;9996;1;9995;23;;;9998;1;10004;1;10005;23;9997.0;622.0
0;68200;STARFRUIT;5036;1;5035;23;;;5042;24;;;;;5039.0;489.296875
0;68300;AMETHYSTS;9996;1;9995;25;;;10002;4;10004;1;10005;25;9999.0;624.0
0;68300;STARFRUIT;5035;1;5034;25;;;5041;26;;;;;5038.0;485.359375
0;68400;STARFRUIT;5034;31;;;;;5041;31;;;;;5037.5;484.625
0;68400;AMETHYSTS;10002;1;9996;1;9995;30;10004;1;10005;30;;;10003.0;624.0
0;68500;AMETHYSTS;9996;1;9995;22;;;10004;1;10005;22;;;10000.0;626.0
0;68500;STARFRUIT;5035;1;5034;22;;;5039;5;5041;23;;;5037.0;485.896484375
0;68600;AMETHYSTS;9995;27;;;;;9998;1;10005;27;;;9996.5;626.0
0;68600;STARFRUIT;5034;27;;;;;5042;27;;;;;5038.0;485.98828125
0;68700;AMETHYSTS;9998;10;9996;2;9995;20;10004;2;10005;20;;;10001.0;628.0
0;68700;STARFRUIT;5035;22;;;;;5041;2;5042;20;;;5038.0;486.30859375
0;68800;STARFRUIT;5035;1;5034;30;;;5037;6;5041;1;5042;30;5036.0;485.962890625
0;68800;AMETHYSTS;9996;1;9995;30;;;10000;6;10002;1;10004;1;9998.0;628.0
0;68900;AMETHYSTS;9998;3;9996;2;9995;23;10004;2;10005;23;;;10001.0;628.0
0;68900;STARFRUIT;5035;25;;;;;5041;2;5042;23;;;5038.0;493.44921875
0;69000;AMETHYSTS;9996;1;9995;27;;;10004;1;10005;27;;;10000.0;628.0
0;69000;STARFRUIT;5035;28;;;;;5041;1;5042;27;;;5038.0;492.66796875
0;69100;AMETHYSTS;9996;1;9995;25;;;10004;1;10005;25;;;10000.0;628.0
0;69100;STARFRUIT;5036;1;5035;26;;;5041;1;5042;25;;;5038.5;492.4375
0;69200;STARFRUIT;5035;21;;;;;5042;21;;;;;5038.5;494.53125
0;69200;AMETHYSTS;9996;1;9995;20;;;10002;8;10004;1;10005;20;9999.0;628.0
0;69300;AMETHYSTS;9996;1;9995;23;;;10004;1;10005;23;;;10000.0;628.0
0;69300;STARFRUIT;5035;1;5034;23;;;5041;24;;;;;5038.0;490.234375
0;69400;AMETHYSTS;9995;22;;;;;10005;22;;;;;10000.0;628.0
0;69400;STARFRUIT;5035;4;5034;22;;;5041;22;;;;;5038.0;483.5859375
0;69500;AMETHYSTS;9996;1;9995;30;;;10002;8;10004;1;10005;30;9999.0;628.0
0;69500;STARFRUIT;5034;2;5033;31;;;5039;1;5040;30;;;5036.5;473.890625
0;69600;STARFRUIT;5033;27;;;;;5040;27;;;;;5036.5;477.171875
0;69600;AMETHYSTS;9996;2;9995;25;;;10004;2;10005;25;;;10000.0;628.0
0;69700;AMETHYSTS;10002;1;9996;2;9995;24;10004;2;10005;24;;;10003.0;628.0
0;69700;STARFRUIT;5033;26;;;;;5040;26;;;;;5036.5;476.61328125
0;69800;AMETHYSTS;9996;1;9995;22;;;10004;1;10005;22;;;10000.0;630.0
0;69800;STARFRUIT;5034;22;;;;;5040;1;5041;22;;;5037.0;482.87890625
0;69900;STARFRUIT;5034;26;;;;;5040;2;5041;24;;;5037.0;482.640625
0;69900;AMETHYSTS;10002;1;9998;10;9996;2;10004;2;10005;24;;;10003.0;630.0
0;70000;AMETHYSTS;9996;2;9995;28;;;10004;2;10005;28;;;10000.0;632.0
0;70000;STARFRUIT;5034;2;5033;28;;;5040;2;5041;28;;;5037.0;482.09375
0;70100;AMETHYSTS;10002;1;9995;27;;;10005;27;;;;;10003.5;632.0
0;70100;STARFRUIT;5033;27;;;;;5034;1;5040;27;;;5033.5;478.62109375
0;70200;AMETHYSTS;9996;2;9995;28;;;10004;2;10005;28;;;10000.0;634.0
0;70200;STARFRUIT;5033;30;;;;;5040;30;;;;;5036.5;482.2734375
0;70300;STARFRUIT;5034;5;5033;24;;;5040;25;;;;;5037.0;482.85546875
0;70300;AMETHYSTS;9998;10;9996;1;9995;24;10004;1;10005;24;;;10001.0;634.0
0;70400;AMETHYSTS;10002;13;9996;2;9995;29;10004;2;10005;29;;;10003.0;634.0
0;70400;STARFRUIT;5034;31;;;;;5041;31;;;;;5037.5;488.484375
0;70500;AMETHYSTS;10002;1;9995;21;;;10005;21;;;;;10003.5;660.0
0;70500;STARFRUIT;5034;21;;;;;5035;3;5041;21;;;5034.5;488.0234375
0;70600;AMETHYSTS;10002;1;10000;3;9996;1;10004;1;10005;22;;;10003.0;662.0
0;70600;STARFRUIT;5036;2;5034;1;5033;22;5040;1;5041;22;;;5038.0;490.796875
0;70700;STARFRUIT;5033;27;;;;;5040;27;;;;;5036.5;485.28125
0;70700;AMETHYSTS;9995;27;;;;;10005;27;;;;;10000.0;664.0
0;70800;AMETHYSTS;9996;2;9995;20;;;9998;5;10002;8;10004;2;9997.0;664.0
0;70800;STARFRUIT;5033;22;;;;;5040;22;;;;;5036.5;481.4140625
0;70900;AMETHYSTS;9995;21;;;;;10005;21;;;;;10000.0;674.0
0;70900;STARFRUIT;5033;21;;;;;5034;1;5040;21;;;5033.5;484.9609375
0;71000;AMETHYSTS;9996;2;9995;28;;;9998;3;10004;2;10005;28;9997.0;674.0
0;71000;STARFRUIT;5034;2;5033;28;;;5038;1;5040;30;;;5036.0;491.7734375
0;71100;STARFRUIT;5035;6;5034;30;;;5041;30;;;;;5038.0;498.890625
0;71100;AMETHYSTS;9998;4;9995;30;;;10005;30;;;;;10001.5;680.0
0;71200;AMETHYSTS;9996;1;9995;27;;;9998;1;10004;1;10005;27;9997.0;680.0
0;71200;STARFRUIT;5035;1;5034;27;;;5041;28;;;;;5038.0;506.6484375
0;71300;AMETHYSTS;9996;2;9995;28;;;10004;2;10005;28;;;10000.0;682.0
0;71300;STARFRUIT;5035;2;5034;28;;;5040;8;5041;2;5042;28;5037.5;508.90625
0;71400;AMETHYSTS;10002;2;9996;2;9995;25;10004;2;10005;25;;;10003.0;682.0
0;71400;STARFRUIT;5036;2;5035;25;;;5040;6;5042;27;;;5038.0;521.390625
0;71500;STARFRUIT;5035;26;;;;;5040;5;5042;26;;;5037.5;520.0390625
0;71500;AMETHYSTS;9995;26;;;;;10005;26;;;;;10000.0;686.0
0;71600;AMETHYSTS;9998;7;9996;2;9995;29;10004;2;10005;29;;;10001.0;686.0
0;71600;STARFRUIT;5035;31;;;;;5042;31;;;;;5038.5;520.4296875
0;71700;AMETHYSTS;9996;1;9995;25;;;9998;1;10004;1;10005;25;9997.0;686.0
0;71700;STARFRUIT;5035;26;;;;;5042;26;;;;;5038.5;519.4453125
0;71800;AMETHYSTS;9995;22;;;;;9998;1;10005;22;;;9996.5;688.0
0;71800;STARFRUIT;5035;22;;;;;5042;22;;;;;5038.5;521.8046875
0;71900;STARFRUIT;5036;30;;;;;5043;30;;;;;5039.5;530.4375
0;71900;AMETHYSTS;9996;2;9995;28;;;10004;2;10005;28;;;10000.0;690.0
0;72000;AMETHYSTS;9998;2;9996;1;9995;23;10004;1;10005;23;;;10001.0;690.0
0;72000;STARFRUIT;5036;24;;;;;5043;24;;;;;5039.5;530.3515625
0;72100;AMETHYSTS;9996;2;9995;24;;;9998;1;10004;2;10005;24;9997.0;690.0
0;72100;STARFRUIT;5035;26;;;;;5042;26;;;;;5038.5;520.109375
0;72200;AMETHYSTS;9995;25;;;;;9998;1;10005;25;;;9996.5;692.0
0;72200;STARFRUIT;5035;25;;;;;5042;25;;;;;5038.5;517.7109375
0;72300;STARFRUIT;5036;1;5035;22;;;5040;3;5042;23;;;5038.0;521.1484375
0;72300;AMETHYSTS;9996;1;9995;22;;;10004;1;10005;22;;;10000.0;694.0
0;72400;AMETHYSTS;9995;25;;;;;10005;25;;;;;10000.0;694.0
0;72400;STARFRUIT;5036;25;;;;;5043;25;;;;;5039.5;531.6484375
0;72500;AMETHYSTS;10000;4;9996;2;9995;20;10004;2;10005;20;;;10002.0;694.0
0;72500;STARFRUIT;5039;4;5037;2;5036;20;5043;22;;;;;5041.0;537.3515625
0;72600;AMETHYSTS;9998;8;9995;28;;;10005;28;;;;;10001.5;694.0
0;72600;STARFRUIT;5036;28;;;;;5043;28;;;;;5039.5;536.6171875
0;72700;STARFRUIT;5036;28;;;;;5043;28;;;;;5039.5;527.4453125
0;72700;AMETHYSTS;9995;28;;;;;10005;28;;;;;10000.0;694.0
0;72800;AMETHYSTS;9996;2;9995;27;;;10004;2;10005;27;;;10000.0;694.0
0;72800;STARFRUIT;5036;29;;;;;5037;8;5043;29;;;5036.5;531.0859375
0;72900;AMETHYSTS;9996;1;9995;22;;;10002;4;10004;1;10005;22;9999.0;694.0
0;72900;STARFRUIT;5037;2;5036;23;;;5043;23;;;;;5040.0;540.921875
0;73000;AMETHYSTS;9995;21;;;;;10005;21;;;;;10000.0;694.0
0;73000;STARFRUIT;5036;21;;;;;5041;8;5043;21;;;5038.5;551.765625
0;73100;STARFRUIT;5037;28;;;;;5042;3;5043;1;5044;27;5039.5;556.8828125
0;73100;AMETHYSTS;9996;1;9995;27;;;10002;7;10004;1;10005;27;9999.0;694.0
0;73200;AMETHYSTS;9996;1;9995;23;;;10002;7;10004;1;10005;23;9999.0;694.0
0;73200;STARFRUIT;5037;24;;;;;5044;24;;;;;5040.5;563.5234375
0;73300;AMETHYSTS;9996;2;9995;23;;;10004;2;10005;23;;;10000.0;694.0
0;73300;STARFRUIT;5037;25;;;;;5044;25;;;;;5040.5;569.34375
0;73400;AMETHYSTS;9995;30;;;;;10002;6;10005;30;;;9998.5;694.0
0;73400;STARFRUIT;5038;30;;;;;5045;30;;;;;5041.5;575.453125
0;73500;STARFRUIT;5038;25;;;;;5044;1;5045;24;;;5041.0;577.828125
0;73500;AMETHYSTS;9998;6;9996;1;9995;24;10004;1;10005;24;;;10001.0;694.0
0;73600;AMETHYSTS;9995;30;;;;;9998;1;10005;30;;;9996.5;694.0
0;73600;STARFRUIT;5038;30;;;;;5045;30;;;;;5041.5;579.7421875
0;73700;AMETHYSTS;10002;4;9995;25;;;10005;25;;;;;10003.5;696.0
0;73700;STARFRUIT;5038;25;;;;;5045;25;;;;;5041.5;580.1015625
0;73800;AMETHYSTS;9998;1;9996;1;9995;21;10004;1;10005;21;;;10001.0;704.0
0;73800;STARFRUIT;5038;22;;;;;5045;22;;;;;5041.5;583.9609375
0;73900;STARFRUIT;5038;27;;;;;5046;27;;;;;5042.0;594.0703125
0;73900;AMETHYSTS;9995;27;;;;;10005;27;;;;;10000.0;704.0
0;74000;AMETHYSTS;10000;5;9996;2;9995;27;10004;2;10005;27;;;10002.0;704.0
0;74000;STARFRUIT;5041;6;5039;7;5038;29;5045;29;;;;;5043.0;587.171875
0;74100;AMETHYSTS;9998;5;9996;1;9995;23;10004;1;10005;23;;;10001.0;704.0
0;74100;STARFRUIT;5042;3;5038;24;;;5045;24;;;;;5043.5;583.640625
0;74200;STARFRUIT;5038;31;;;;;5043;7;5045;31;;;5040.5;583.3984375
0;74200;AMETHYSTS;9996;1;9995;30;;;10002;1;10004;1;10005;30;9999.0;704.0
0;74300;STARFRUIT;5039;1;5038;26;;;5043;3;5045;27;;;5041.0;592.1484375
0;74300;AMETHYSTS;9998;6;9996;1;9995;26;10004;1;10005;26;;;10001.0;704.0
0;74400;STARFRUIT;5039;23;;;;;5046;23;;;;;5042.5;602.234375
0;74400;AMETHYSTS;9996;2;9995;21;;;10004;2;10005;21;;;10000.0;704.0
0;74500;AMETHYSTS;9996;2;9995;24;;;10004;2;10005;24;;;10000.0;704.0
0;74500;STARFRUIT;5044;1;5043;3;5039;26;5046;26;;;;;5045.0;599.625
0;74600;STARFRUIT;5040;1;5039;29;;;5046;29;;;;;5043.0;602.0625
0;74600;AMETHYSTS;9996;2;9995;27;;;9998;2;10004;2;10005;27;9997.0;704.0
0;74700;STARFRUIT;5039;27;;;;;5046;27;;;;;5042.5;603.109375
0;74700;AMETHYSTS;9996;1;9995;26;;;10004;1;10005;26;;;10000.0;708.0
0;74800;STARFRUIT;5039;3;5038;24;;;5045;26;;;;;5042.0;598.59375
0;74800;AMETHYSTS;9996;2;9995;24;;;10004;2;10005;24;;;10000.0;708.0
0;74900;AMETHYSTS;9996;1;9995;27;;;10004;1;10005;27;;;10000.0;708.0
0;74900;STARFRUIT;5039;1;5038;27;;;5045;1;5046;27;;;5042.0;598.703125
0;75000;STARFRUIT;5039;1;5038;21;;;5045;22;;;;;5042.0;597.7734375
0;75000;AMETHYSTS;9996;1;9995;21;;;9998;4;10004;1;10005;21;9997.0;708.0
0;75100;STARFRUIT;5039;2;5038;26;;;5045;2;5046;26;;;5042.0;598.8671875
0;75100;AMETHYSTS;9996;2;9995;26;;;10002;8;10004;2;10005;26;9999.0;716.0
0;75200;STARFRUIT;5040;7;5039;31;;;5046;31;;;;;5043.0;603.015625
0;75200;AMETHYSTS;9996;1;9995;30;;;10004;1;10005;30;;;10000.0;716.0
0;75300;AMETHYSTS;9998;7;9996;1;9995;26;10004;1;10005;26;;;10001.0;716.0
0;75300;STARFRUIT;5040;27;;;;;5046;1;5047;26;;;5043.0;612.9140625
0;75400;STARFRUIT;5039;25;;;;;5046;25;;;;;5042.5;603.546875
0;75400;AMETHYSTS;9995;25;;;;;10005;25;;;;;10000.0;716.0
0;75500;STARFRUIT;5039;23;;;;;5046;23;;;;;5042.5;605.4296875
0;75500;AMETHYSTS;9996;1;9995;22;;;10004;1;10005;22;;;10000.0;716.0
0;75600;STARFRUIT;5039;2;5038;23;;;5045;2;5046;23;;;5042.0;599.15625
0;75600;AMETHYSTS;9996;2;9995;23;;;9998;9;10004;2;10005;23;9997.0;716.0
0;75700;AMETHYSTS;9996;2;9995;25;;;10004;2;10005;25;;;10000.0;734.0
0;75700;STARFRUIT;5044;1;5039;27;;;5046;27;;;;;5045.0;602.90625
0;75800;STARFRUIT;5045;1;5040;1;5039;28;5046;28;;;;;5045.5;607.97265625
0;75800;AMETHYSTS;9996;2;9995;26;;;10002;3;10004;2;10005;26;9999.0;734.0
0;75900;STARFRUIT;5039;24;;;;;5044;3;5045;2;5046;22;5041.5;606.4921875
0;75900;AMETHYSTS;9996;2;9995;22;;;10004;2;10005;22;;;10000.0;734.0
0;76000;STARFRUIT;5039;3;5038;31;;;5045;31;;;;;5042.0;596.203125
0;76000;AMETHYSTS;9998;8;9996;1;9995;30;10004;1;10005;30;;;10001.0;734.0
